@article{lucas2003,
  title={Theory-testing, generalization, and the problem of external validity},
  author={Lucas, Jeffrey W},
  journal={Sociological Theory},
  volume={21},
  number={3},
  pages={236--253},
  year={2003},
  publisher={Wiley Online Library}
}

@article{dodds2004universal,
  title={Universal behavior in a generalized model of contagion},
  author={Dodds, Peter Sheridan and Watts, Duncan J},
  journal={Physical review letters},
  volume={92},
  number={21},
  pages={218701},
  year={2004},
  publisher={APS}
}

@article{coppock2016information,
  title={?Information Spillovers: Another Look at Experimental Estimates of Legislator Responsiveness??CORRIGENDUM},
  author={Coppock, Alexander},
  journal={Journal of Experimental Political Science},
  volume={3},
  number={2},
  pages={206--208},
  year={2016},
  publisher={Cambridge University Press}
}

@inproceedings{valentini2014self,
  title={Self-organized collective decision making: The weighted voter model},
  author={Valentini, Gabriele and Hamann, Heiko and Dorigo, Marco},
  booktitle={Proceedings of the 2014 international conference on Autonomous agents and multi-agent systems},
  pages={45--52},
  year={2014},
  organization={International Foundation for Autonomous Agents and Multiagent Systems}
}

@incollection{basu2011randomization,
  title={Randomization analysis of experimental data: the Fisher randomization test},
  author={Basu, Debabrata},
  booktitle={Selected Works of Debabrata Basu},
  pages={305--325},
  year={2011},
  publisher={Springer}
}

@article{kirkland2011relational,
  title={The relational determinants of legislative outcomes: Strong and weak ties between legislators},
  author={Kirkland, Justin H},
  journal={The Journal of Politics},
  volume={73},
  number={3},
  pages={887--898},
  year={2011},
  publisher={Cambridge University Press New York, USA}
}

@article{fowler2006connecting,
  title={Connecting the Congress: A study of cosponsorship networks},
  author={Fowler, James H},
  journal={Political Analysis},
  pages={456--487},
  year={2006},
  publisher={JSTOR}
}

@article{victor2009social,
  title={The social utility of informal institutions: Caucuses as networks in the 110th US House of Representatives},
  author={Victor, Jennifer Nicoll and Ringe, Nils},
  journal={American Politics Research},
  volume={37},
  number={5},
  pages={742--766},
  year={2009},
  publisher={SAGE Publications Sage CA: Los Angeles, CA}
}

@article{kirkland2013hypothesis,
  title={Hypothesis testing for group structure in legislative networks},
  author={Kirkland, Justin H},
  journal={State Politics \& Policy Quarterly},
  volume={13},
  number={2},
  pages={225--243},
  year={2013},
  publisher={SAGE Publications Sage CA: Los Angeles, CA}
}

@article{nyhan2015connecting,
  title={Connecting the candidates: Consultant networks and the diffusion of campaign strategy in American congressional elections},
  author={Nyhan, Brendan and Montgomery, Jacob M},
  journal={American Journal of Political Science},
  volume={59},
  number={2},
  pages={292--308},
  year={2015},
  publisher={Wiley Online Library}
}

@article{desmarais2015measuring,
  title={Measuring legislative collaboration: The Senate press events network},
  author={Desmarais, Bruce A and Moscardelli, Vincent G and Schaffner, Brian F and Kowal, Michael S},
  journal={Social Networks},
  volume={40},
  pages={43--54},
  year={2015},
  publisher={Elsevier}
}


@article{kirkland2014measurement,
  title={Measurement and theory in legislative networks: The evolvinsg topology of Congressional collaboration},
  author={Kirkland, Justin H and Gross, Justin H},
  journal={Social Networks},
  volume={36},
  pages={97--109},
  year={2014},
  publisher={Elsevier}
}

@article{costa2013energy,
  title={Energy conservation ?nudges? and environmentalist ideology: evidence from a randomized residential electricity field experiment},
  author={Costa, Dora L and Kahn, Matthew E},
  journal={Journal of the European Economic Association},
  volume={11},
  number={3},
  pages={680--702},
  year={2013},
  publisher={Wiley Online Library}
}

@article{harper2010social,
  title={Social comparisons and contributions to online communities: A field experiment on movielens},
  author={Harper, Yan Chen, F Maxwell and Konstan, Joseph and Li, Sherry Xin},
  journal={The American economic review},
  pages={1358--1398},
  year={2010},
  publisher={JSTOR}
}

@article{little2000causal,
  title={Causal effects in clinical and epidemiological studies via potential outcomes: concepts and analytical approaches},
  author={Little, Roderick J and Rubin, Donald B},
  journal={Annual review of public health},
  volume={21},
  number={1},
  pages={121--145},
  year={2000},
  publisher={Annual Reviews 4139 El Camino Way, PO Box 10139, Palo Alto, CA 94303-0139, USA}
}

@article{list2014field,
  title={Field experiments in the developed world: an introduction},
  author={List, John A and Metcalfe, Robert},
  journal={Oxford Review of Economic Policy},
  volume={30},
  number={4},
  pages={585--596},
  year={2014},
  publisher={Oxford Univ Press}
}

@article{jackson1983participation,
  title={Participation in decision making as a strategy for reducing job-related strain.},
  author={Jackson, Susan E},
  journal={Journal of Applied Psychology},
  volume={68},
  number={1},
  pages={3},
  year={1983},
  publisher={American Psychological Association}
}

@article{grant2007impact,
  title={Impact and the art of motivation maintenance: The effects of contact with beneficiaries on persistence behavior},
  author={Grant, Adam M and Campbell, Elizabeth M and Chen, Grace and Cottone, Keenan and Lapedis, David and Lee, Karen},
  journal={Organizational Behavior and Human Decision Processes},
  volume={103},
  number={1},
  pages={53--67},
  year={2007},
  publisher={Elsevier}
}

@article{hennig2010search,
  title={In search of workers' real effort reciprocity?a field and a laboratory experiment},
  author={Hennig-Schmidt, Heike and Sadrieh, Abdolkarim and Rockenbach, Bettina},
  journal={Journal of the European Economic Association},
  volume={8},
  number={4},
  pages={817--837},
  year={2010},
  publisher={Wiley Online Library}
}

@article{sallis1997,
  title={The effects of a 2-year physical education program (SPARK) on physical activity and fitness in elementary school students. Sports, Play and Active Recreation for Kids.},
  author={Sallis, James F and McKenzie, Thomas L and Alcaraz, John E and Kolody, Bohdan and Faucette, Nell and Hovell, Melbourne F},
  journal={American journal of public health},
  volume={87},
  number={8},
  pages={1328--1334},
  year={1997},
  publisher={American Public Health Association}
}

@article{bratton1999,
  title={Agenda setting and legislative success in state legislatures: The effects of gender and race},
  author={Bratton, Kathleen A and Haynie, Kerry L},
  journal={The Journal of Politics},
  volume={61},
  number={03},
  pages={658--679},
  year={1999},
  publisher={Cambridge Univ Press}
}

@article{delamater1974definition,
  title={A definition of" group."},
  author={DeLamater, John},
  journal={Small Group Behavior},
  year={1974},
  publisher={Sage Publications}
}

@article{levine1990,
  title={Progress in small group research},
  author={Levine, John M and Moreland, Richard L},
  journal={Annual review of psychology},
  volume={41},
  number={1},
  pages={585--634},
  year={1990},
  publisher={Annual Reviews 4139 El Camino Way, PO Box 10139, Palo Alto, CA 94303-0139, USA}
}

@inproceedings{agichtein2008,
  title={Finding high-quality content in social media},
  author={Agichtein, Eugene and Castillo, Carlos and Donato, Debora and Gionis, Aristides and Mishne, Gilad},
  booktitle={Proceedings of the 2008 International Conference on Web Search and Data Mining},
  pages={183--194},
  year={2008},
  organization={ACM}
}

@article{sekhon2008,
  title={The Neyman-Rubin model of causal inference and estimation via matching methods},
  author={Sekhon, Jasjeet S},
  journal={The Oxford handbook of political methodology},
  pages={271--299},
  year={2008},
  publisher={Citeseer}
}

@article{galea2010,
  title={Causal thinking and complex system approaches in epidemiology},
  author={Galea, Sandro and Riddle, Matthew and Kaplan, George A},
  journal={International Journal of Epidemiology},
  volume={39},
  number={1},
  pages={97--106},
  year={2010},
  publisher={IEA}
}

@article{aral2014,
  title={Tie strength, embeddedness, and social influence: A large-scale networked experiment},
  author={Aral, Sinan and Walker, Dylan},
  journal={Management Science},
  volume={60},
  number={6},
  pages={1352--1370},
  year={2014},
  publisher={INFORMS}
}

@article{paluck2011,
  title={Peer pressure against prejudice: A high school field experiment examining social network change},
  author={Paluck, Elizabeth Levy},
  journal={Journal of Experimental Social Psychology},
  volume={47},
  number={2},
  pages={350--358},
  year={2011},
  publisher={Elsevier}
}

@article{niven2006field,
  title={A field experiment on the effects of negative campaign mail on voter turnout in a municipal election},
  author={Niven, David},
  journal={Political Research Quarterly},
  volume={59},
  number={2},
  pages={203--210},
  year={2006},
  publisher={Sage Publications}
}

@article{gerber2000effects,
  title={The effects of canvassing, telephone calls, and direct mail on voter turnout: A field experiment},
  author={Gerber, Alan S and Green, Donald P},
  journal={American Political Science Review},
  volume={94},
  number={03},
  pages={653--663},
  year={2000},
  publisher={Cambridge Univ Press}
}

@article{gerber2008,
  title={Social pressure and voter turnout: Evidence from a large-scale field experiment},
  author={Gerber, Alan S and Green, Donald P and Larimer, Christopher W},
  journal={American Political Science Review},
  volume={102},
  number={01},
  pages={33--48},
  year={2008},
  publisher={Cambridge Univ Press}
}


@article{bapna2015,
  title={Do your online friends make you pay? a randomized field experiment on peer influence in online social networks},
  author={Bapna, Ravi and Umyarov, Akhmed},
  journal={Management Science},
  volume={61},
  number={8},
  pages={1902--1920},
  year={2015},
  publisher={INFORMS}
}

@article{muchnik2013,
  title={Social influence bias: A randomized experiment},
  author={Muchnik, Lev and Aral, Sinan and Taylor, Sean J},
  journal={Science},
  volume={341},
  number={6146},
  pages={647--651},
  year={2013},
  publisher={American Association for the Advancement of Science}
}

@article{Ben-AaronPAR,
Author = {ben-Aaron, James and Matthew J. Denny and Bruce A. Desmarais and Hanna Wallach},
Title = {{Transparency by Conformity: A Field Experiment Evaluating Openness in Local Governments}},
Journal = {{Public Administration Review}},
Year = {{Accepted}},
url = {\url{http://papers.ssrn.com/sol3/papers.cfm?abstract_id=2772975}}
}

@book{anderson1992,
  Author = {Anderson, R. M. ed.},
  Date-Added = {2013-10-28 03:47:59 +0000},
  Date-Modified = {2013-10-28 03:51:54 +0000},
  Publisher = {Chapman and Hall},
  Read = {1},
  Title = {Population Dynamics of Infectious Diseases: Theory and Applications},
  Year = {1982}
}

@article{Alatas:2012,
  title={Targeting the Poor: Evidence from a Field Experiment in Indonesia},
  author={Alatas, Vivi and Banerjee, Abhijit and Hanna, Rema and Olken, Benjamin A and Tobias, Julia},
  journal={The American Economic Review},
  volume={102},
  number={4},
  pages={1206--1240},
  year={2012},
  publisher={American Economic Association}
}

@article{broockman2013black,
  title={Black politicians are more intrinsically motivated to advance Blacks? interests: A field experiment manipulating political incentives},
  author={Broockman, David E},
  journal={American Journal of Political Science},
  volume={57},
  number={3},
  pages={521--536},
  year={2013},
  publisher={Wiley Online Library}
}

@article{Kalla:2015,
  title={Campaign Contributions Facilitate Access to Congressional Officials: A Randomized Field Experiment},
  author={Kalla, Joshua L and Broockman, David E},
  journal={American Journal of Political Science},
  year={2015},
  publisher={Wiley Online Library}
}


@article {Gottlieb:2015,
author = {Gottlieb, Jessica},
title = {Greater Expectations: A Field Experiment to Improve Accountability in Mali},
journal = {American Journal of Political Science},
issn = {1540-5907},
url = {http://dx.doi.org/10.1111/ajps.12186},
doi = {10.1111/ajps.12186},
pages = {n/a--n/a},
year = {2015},
}

@article{Malesky:2012,
  title={The adverse effects of sunshine: a field experiment on legislative transparency in an authoritarian assembly},
  author={Malesky, Edmund and Schuler, Paul and Tran, Anh},
  journal={American Political Science Review},
  volume={106},
  number={04},
  pages={762--786},
  year={2012},
  publisher={Cambridge Univ Press}
}




@article{Aral:2011,
  author = {Aral, Sinan and Walker, Dylan}, 
  title = {Creating Social Contagion Through Viral Product Design: A Randomized Trial of Peer Influence in Networks},
  volume = {57}, 
  number = {9}, 
  pages = {1623-1639}, 
  year = {2011}, 
  journal = {Management Science} 
}


@article{Aronow2013,
  title={Estimating average causal effects under interference between units},
  author={Aronow, Peter M and Samii, Cyrus},
  journal={arXiv preprint arXiv:1305.6156},
  year={2013}
}

@book{Gallavotti:1999,
  title={Statistical mechanics: A short treatise},
  author={Gallavotti, Giovanni},
  year={1999},
  publisher={Springer},
  address = {New York}
}


@book{Bailey_The_1975,
  Author = {N. T. J. Bailey},
  Date-Added = {2013-10-28 03:56:05 +0000},
  Date-Modified = {2013-10-28 03:57:21 +0000},
  Publisher = {Griffin, London},
  Title = {The Mathematical Theory of Infectious Diseases},
  Year = {1975}}

@article{Bass_Why_1994,
    Author = {Bass, Frank M.; Krishnan, Trichy V.; and Jain, Dipak C.},
    Date-Added = {2013-10-28 04:00:11 +0000},
    Date-Modified = {2013-10-28 04:01:02 +0000},
    Journal = {Marketing Science},
    Number = {3},
    Pages = {204-223},
    Title = {Why the Bass model fits without decision variables},
    Volume = {13},
    Year = {1994}
}



@Article{Bond:2012,
      Author="Bond, R. M.  and Fariss, C. J.  and Jones, J. J.  and Kramer, A. D.  and Marlow, C.  and Settle, J. E.  and Fowler, J. H. ",
      Title="{{A} 61-million-person experiment in social influence and political mobilization}",
      Journal="Nature",
      Year="2012",
      Volume="489",
      Number="7415",
      Pages="295--298",
      Month="Sep"
}

@article{anderson1954test,
  title={A test of goodness of fit},
  author={Anderson, Theodore W and Darling, Donald A},
  journal={Journal of the American statistical association},
  volume={49},
  number={268},
  pages={765--769},
  year={1954},
  publisher={Taylor \& Francis}
}

@article{Bowers:2013,
  author = {Bowers, Jake and Fredrickson, Mark M. and Panagopoulos, Costas}, 
  title = {Reasoning about Interference Between Units: A General Framework},
  volume = {21}, 
  number = {1}, 
  pages = {97-124}, 
  year = {2013}, 
  journal = {Political Analysis} 
}

@Manual{Bowers2014,
  title = {RItools: Randomization Inference Tools},
  author = {Jake Bowers and Mark Fredrickson and Ben Hansen},
  note = {R package version 0.1-12},
  year = {2014},
  url = {http://www.jakebowers.org/RItools.html},
}

@article{Burt:2004,
  title = {Structural Holes and Good Ideas},
  author = {Ronald S. Burt},
  journal = {American Journal of Sociology},
  volume = {110},
  number = {2},
  pages = {349--399},
  year = {2004}
}


@article{Clifford_A_1973,
  Author = {Clifford, Peter; Aidan W Sudbury },
  Date-Added = {2013-10-28 04:02:51 +0000},
  Date-Modified = {2013-10-28 04:03:46 +0000},
  Journal = {Biometrika},
  Pages = {581-588},
  Title = {A Model for Spatial Conflict},
  Volume = {60},
  Year = {1973}
},

@article{Coppock:nd,
    Author = {Coppock, Alexander and Neelanjan Sircar},
    Journal = {},
    Pages = {},
    Title = {Design of Field Experiments under Unknown Interference Structures},
    Volume = {},
    Year = {n.d.}
},	

@book{Daley_Epidemic_2005,
      Author = {Daley, D. J. s Gani, J.},
      Date-Added = {2013-10-28 03:58:47 +0000},
      Date-Modified = {2013-10-28 03:59:55 +0000},
      Publisher = {NY: Cambridge University Press},
      Title = {Epidemic Modeling: An Introduction},
      Year = {2005}
},

@book{Durrett_Random_1991,
	Author = {Durrett, Richard; Kesten, Harry},
	Date-Added = {2013-10-28 04:03:51 +0000},
	Date-Modified = {2013-10-28 04:05:05 +0000},
	Publisher = {Springer},
	Title = {Random walks, Brownian motion, and interacting particle systems},
	Year = {1991}
},


	@inproceedings{Heaukulani:2013,
	  Title = {Dynamic Probabilistic Models for Latent Feature Propagation in Social Networks},
	  Url = {http://jmlr.csail.mit.edu/proceedings/papers/v28/heaukulani13.pdf},
	  Author = {Creighton Heaukulani and Zoubin Ghahramani},
	  Year = {2013},
	  Booktitle = {Proceedings of the 30th International Conference on Machine Learning (ICML-13)}
	}

    @article{Scholz1987,
     title = {K-Sample Anderson-Darling Tests},
     author = {Scholz, F. W. and Stephens, M. A.},
     journal = {Journal of the American Statistical Association},
     volume = {82},
     number = {399},
     pages = {918--924},
          year = {1987}
    }




@article{Hethcote_The_2000,
  Author = {Hethcote, H. W. },
  Date-Added = {2013-10-28 03:57:35 +0000},
  Date-Modified = {2013-10-28 03:58:42 +0000},
  Journal = {Society for Industrial and Applied Mathematics},
  Pages = {599-653},
  Title = {The mathematics of infectious diseases},
  Volume = {42},
  Year = {2000}}


  @article{Hopfield_Neural_1982,
    Author = {Hopfield J.},
    Date-Added = {2013-10-28 04:01:53 +0000},
    Date-Modified = {2013-10-28 04:02:43 +0000},
    Journal = {Proceedings of the National Academy of Sciences},
    Number = {8},
    Pages = {2554-2558},
    Title = {Neural networks and physical systems with emergent collective computational abilities},
    Volume = {79},
    Year = {1982}},
    
    @article{nyhan2015effect,
  title={The Effect of Fact-Checking on Elites: A Field Experiment on US State Legislators},
  author={Nyhan, Brendan and Reifler, Jason},
  journal={American Journal of Political Science},
  volume={59},
  number={3},
  pages={628--640},
  year={2015},
  publisher={Wiley Online Library}
}
    
    @article{Nyhan:2014,
  title={The Effect of Fact-Checking on Elites: A Field Experiment on US State Legislators},
  author={Nyhan, Brendan and Reifler, Jason},
  journal={American Journal of Political Science},
  year={2014},
  publisher={Wiley Online Library}
}


    @article{Horvitz1952,
      title = {A Generalization of Sampling Without Replacement From a Finite Universe},
      author = {Horvitz, D. G. and Thompson, D. J.},
      journal = {Journal of the American Statistical Association},
      volume = {47},
      number = {260},
      jstor_formatteddate = {Dec., 1952},
      pages = { 663-685},
      year = {1952}
    }

@article{Ichino:2012,
  author = {Ichino,Nahomi and Schündeln,Matthias},
  title = {Deterring or Displacing Electoral Irregularities? Spillover Effects of Observers in a Randomized Field Experiment in Ghana},
  journal = {The Journal of Politics},
  volume = {74},
  issue = {01},
  month = {1},
  year = {2012},
  issn = {1468-2508},
  pages = {292--307},
  numpages = {16}
}

@article{Kermack_Mathematical_1927,
  Author = {Kermack, W. O.; McKendrick, A. G.},
  Date-Added = {2013-10-28 03:52:33 +0000},
  Date-Modified = {2013-10-28 03:54:57 +0000},
  Journal = {Mathematical, Physical and Engineering Sciences},
  Number = {772},
  Pages = {700},
  Title = {A Contribution to the Mathematical Theory of Epidemics},
  Volume = {115},
  Year = {1927}},


  @article{Lenk_New_1990,
    Author = {Lenk, Peter J. and Rao, Ambar},
    Date-Added = {2013-10-28 04:01:06 +0000},
    Date-Modified = {2013-10-28 04:01:50 +0000},
    Journal = {Marketing Science},
    Number = {1},
    Pages = {42-53},
    Title = {New Models from Old: Forecasting Product Adoption By Hierarchical Bayes Procedure},
    Volume = {9},
    Year = {1990}},


    @article{Liggett_Stochastic_1997,
      Author = {Liggett, Thomas M.},
      Date-Added = {2013-10-28 04:05:14 +0000},
      Date-Modified = {2013-10-28 04:06:07 +0000},
      Journal = {The Annals of Probability},
      Number = {1},
      Pages = {1-2},
      Title = {Stochastic Models of Interacting Systems},
      Volume = {25},
      Year = {1997}},

      @book{Liggett_Stochastic_1999,
	Author = {Thomas M. Liggett},
	Date-Added = {2013-10-28 04:07:39 +0000},
	Date-Modified = {2013-10-28 04:08:25 +0000},
	Publisher = {Springer-Verlag},
	Title = {Stochastic Interacting Systems: Contact, Voter and Exclusion Processes},
	Year = {1999}},

	@article{Lyons2011,
	  title={The spread of evidence-poor medicine via flawed social-network analysis},
	  author={Lyons, Russell},
	  journal={Statistics, Politics, and Policy},
	  volume={2},
	  number={1},
	  year={2011}
	}


@article{mucha2010community,
  title={Community structure in time-dependent, multiscale, and multiplex networks},
  author={Mucha, Peter J and Richardson, Thomas and Macon, Kevin and Porter, Mason A and Onnela, Jukka-Pekka},
  journal={Science},
  volume={328},
  number={5980},
  pages={876--878},
  year={2010},
  publisher={American Association for the Advancement of Science}
},

  @article{nyu_complexity_2010,
    Author = {{NYU}, Sinan Aral and Street, Forsyth},
    File = {Microsoft Word - VPDFinal1110.docx - AralVPDFinal1110.pdf:C:\Users\Simi\AppData\Roaming\Mozilla\Firefox\Profiles\e6sf3d4g.default\zotero\storage\A79UREQ6\AralVPDFinal1110.pdf:application/pdf},
    Journal = {Cell},
    Title = {Complexity and Social Networks Blog},
    Url = {http://www.iq.harvard.edu/blog/netgov/technology/},
    Urldate = {2013-10-23},
    Year = {2010},
    Bdsk-Url-1 = {http://www.iq.harvard.edu/blog/netgov/technology/}},


    @inproceedings{Ostrovsky:2011,
      author = {Ostrovsky, Michael and Schwarz, Michael},
      title = {Reserve prices in internet advertising auctions: a field experiment},
      booktitle = {Proceedings of the 12th ACM conference on Electronic commerce},
      series = {EC '11},
      year = {2011},
      isbn = {978-1-4503-0261-6},
      location = {San Jose, California, USA},
      pages = {59--60},
      numpages = {2},
      doi = {10.1145/1993574.1993585},
      acmid = {1993585},
      publisher = {ACM},
      address = {New York, NY, USA},
      keywords = {ad auctions, auction design, field experiments, market design, mechanism design, online advertising, optimal auctions, reserve prices, sponsored search},
    }  

@article{Rosenbaum:1983,
  author = {Rosenbaum, Paul R. and Rubin, Donald B.}, 
  title = {The central role of the propensity score in observational studies for causal effects},
  volume = {70}, 
  number = {1}, 
  pages = {41-55}, 
  year = {1983}, 
  journal = {Biometrika} 
}

@Article{Shalizi:2011,
  Author="Shalizi, C. R.  and Thomas, A. C. ",
  Title="{{H}omophily and {C}ontagion {A}re {G}enerically {C}onfounded in {O}bservational {S}ocial {N}etwork {S}tudies}",
  Journal="Sociol Methods Res",
  Year="2011",
  Volume="40",
  Number="2",
  Pages="211--239",
  Month="May"
}

@article{Sood_Voter_2005,
  Author = {V. Sood and S. Render},
  Date-Added = {2013-10-28 04:06:11 +0000},
  Date-Modified = {2013-10-28 04:07:31 +0000},
  Journal = {Phys. Rev. Lett.},
  Title = {Voter model on heterogeneous networks},
  Year = {2005}},

  @inproceedings{Toulis:2013,
    author = {Toulis, Panos and Edward Kao},
    title = {Estimation of Causal Peer Influence Effects},
    booktitle = {Proceedings of the 30th International Conference on Machine Learning},
    series = {ICML '13},
    year = {2013},
    location = {Atlanta,Georgia, USA},
  }  

@ARTICLE{Walker:2014,
  author={Walker, D. and Muchnik, L.},
  journal={Proceedings of the IEEE},
  title={Design of Randomized Experiments in Networks},
  year={2014},
  month={Dec},
  volume={102},
  number={12},
  pages={1940-1951},
}



@Misc{		  bowers2012repro-pa,
  author	= {Mark M. Fredrickson and Jake Bowers},
  date-added	= {2012-10-04 14:42:30 +0000},
  date-modified	= {2012-10-04 14:50:25 +0000},
  doi		= {hdl:1902.1/18933},
  howpublished	= {http://hdl.handle.net/1902.1/18933},
  month		= {October},
  title		= {Reproduction Archive for `Reasoning about Interference
		  Between Units: A General Framework'},
  urldate	= {2012-10-12},
  year		= {2012},
  bdsk-url-1	= {http://dx.doi.org/1902.1/18933}
}

@Article{	  rubin2010reflections,
  author	= {Rubin, D.B.},
  date-added	= {2012-10-03 19:24:11 +0000},
  date-modified	= {2012-10-03 19:24:11 +0000},
  publisher	= {American Psychological Association},
  title		= {Reflections stimulated by the comments of Shadish (2010)
		  and West and Thoemmes (2010).},
  year		= {2010},
  bdsk-file-1	= {YnBsaXN0MDDUAQIDBAUIJidUJHRvcFgkb2JqZWN0c1gkdmVyc2lvblkkYXJjaGl2ZXLRBgdUcm9vdIABqAkKFRYXGyIjVSRudWxs0wsMDQ4RElpOUy5vYmplY3RzViRjbGFzc1dOUy5rZXlzog8QgASABoAHohMUgAKAA1lhbGlhc0RhdGFccmVsYXRpdmVQYXRo0hgMGRpXTlMuZGF0YU8RAd4AAAAAAd4AAgAADEZpc2hlckJvb3RIRAAAAAAAAAAAAAAAAAAAAMxX7HBIKwAAABqX5R9SdWJpbjIwMTB7cnViaW4yMDEwciNEQTEwQkEucGRmAAAAAAAAAAAAAAAAAAAAAAAAAAAAAAAAAAAAAAAAAAAA2hC6zJH62AAAAAAAAAAAAAMAAwAACSAAAAAAAAAAAAAAAAAAAAAGUEFQRVJTABAACAAAzFgywAAAABEACAAAzJJBKAAAAAEAEAAal+UAGWlLABR9QwAUfUIAAgBORmlzaGVyQm9vdEhEOlVzZXJzOgBqd2Jvd2VyczoARHJvcGJveDoAUEFQRVJTOgBSdWJpbjIwMTB7cnViaW4yMDEwciNEQTEwQkEucGRmAA4ASAAjAFIAdQBiAGkAbgAyADAAMQAwAHsAcgB1AGIAaQBuADIAMAAxADAAcgBlAGYAbABlAGMAdABpAG8AbgBzAH0ALgBwAGQAZgAPABoADABGAGkAcwBoAGUAcgBCAG8AbwB0AEgARAASAEFVc2Vycy9qd2Jvd2Vycy9Ecm9wYm94L1BBUEVSUy9SdWJpbjIwMTB7cnViaW4yMDEwcmVmbGVjdGlvbnN9LnBkZgAAEwABLwAAFQACAA///wAAgAXSHB0eH1gkY2xhc3Nlc1okY2xhc3NuYW1lox8gIV1OU011dGFibGVEYXRhVk5TRGF0YVhOU09iamVjdF8QOy4uLy4uLy4uL0Ryb3Bib3gvUEFQRVJTL1J1YmluMjAxMHtydWJpbjIwMTByZWZsZWN0aW9uc30ucGRm0hwdJCWiJSFcTlNEaWN0aW9uYXJ5EgABhqBfEA9OU0tleWVkQXJjaGl2ZXIACAARABYAHwAoADIANQA6ADwARQBLAFIAXQBkAGwAbwBxAHMAdQB4AHoAfACGAJMAmACgAoIChAKJApICnQKhAq8CtgK/Av0DAgMFAxIDFwAAAAAAAAIBAAAAAAAAACgAAAAAAAAAAAAAAAAAAAMp}
		  
}

@Unpublished{	  panagopoulos2012news,
  author	= {Costas Panagopoulos and Jake Bowers},
  date-added	= {2012-10-03 15:11:08 +0000},
  date-modified	= {2012-10-03 15:12:59 +0000},
  month		= {June},
  note		= {Unpublished manuscript},
  title		= {Do Newspaper Ads Raise Voter Turnout? Evidence from a
		  Randomized Field Experiment},
  year		= {2012}
}

@Article{	  vanderweele2012mapping,
  author	= {VanderWeele, T.J. and Vandenbroucke, J.P. and Tchetgen
		  Tchetgen, E.J. and Robins, J.M.},
  date-added	= {2012-10-03 14:26:29 +0000},
  date-modified	= {2012-10-03 14:26:29 +0000},
  journal	= {Epidemiology},
  number	= {2},
  pages		= {285},
  title		= {A mapping between interactions and interference:
		  implications for vaccine trials},
  volume	= {23},
  year		= {2012}
}

@Article{	  vanderweele2011effect,
  author	= {VanderWeele, T.J. and Tchetgen Tchetgen, E.J.},
  date-added	= {2012-10-03 14:26:12 +0000},
  date-modified	= {2012-10-03 14:26:12 +0000},
  journal	= {Statistics \& probability letters},
  number	= {7},
  pages		= {861--869},
  publisher	= {Elsevier},
  title		= {Effect partitioning under interference in two-stage
		  randomized vaccine trials},
  volume	= {81},
  year		= {2011}
}

@Article{	  vanderweele2011bounding,
  author	= {VanderWeele, T.J. and Tchetgen, E.J.T.},
  date-added	= {2012-10-03 14:25:42 +0000},
  date-modified	= {2012-10-03 14:25:42 +0000},
  journal	= {Epidemiology},
  number	= {5},
  pages		= {686--693},
  publisher	= {LWW},
  title		= {Bounding the infectiousness effect in vaccine trials},
  volume	= {22},
  year		= {2011}
}

@Article{	  vanderweele2011components,
  author	= {VanderWeele, T.J. and Tchetgen, E.J. and Halloran, M.E.},
  date-added	= {2012-10-03 14:24:18 +0000},
  date-modified	= {2012-10-03 14:24:18 +0000},
  journal	= {COBRA Preprint Series},
  pages		= {85},
  publisher	= {bepress},
  title		= {Components of the indirect effect in vaccine trials:
		  identification of contagion and infectiousness effects},
  year		= {2011}
}

@Article{	  aronow2012agm,
  abstract	= {Interference between units may pose a threat to unbiased
		  causal inference in randomized controlled experiments.
		  Although the assumption of no interference is often
		  necessary for causal inference, few options are available
		  for testing this assumption. This article presents an ex
		  post method for detecting interference between units in
		  randomized experiments. With a test statistic of the
		  analyst's choice, a conditional randomization test allows
		  for the calculation of the exact significance level of the
		  causal dependence of outcomes on the treatment status of
		  other units. The robustness of the method is demonstrated
		  through simulation studies. Moreover, using this method,
		  interference between units is detected in a field
		  experiment designed to assess the effect of mailings on
		  voter turnout in a U.S. primary election.},
  author	= {Peter M. Aronow},
  date-added	= {2012-07-06 03:38:32 +0000},
  date-modified	= {2012-07-06 03:39:42 +0000},
  journal	= {Sociological Methods \& Research},
  number	= {3},
  pages		= {3--16},
  title		= {A General Method for Detecting Interference Between Units
		  in Randomized Experiments},
  volume	= {41},
  year		= {2012},
  bdsk-file-1	= {YnBsaXN0MDDUAQIDBAUIJidUJHRvcFgkb2JqZWN0c1gkdmVyc2lvblkkYXJjaGl2ZXLRBgdUcm9vdIABqAkKFRYXGyIjVSRudWxs0wsMDQ4RElpOUy5vYmplY3RzViRjbGFzc1dOUy5rZXlzog8QgASABoAHohMUgAKAA1lhbGlhc0RhdGFccmVsYXRpdmVQYXRo0hgMGRpXTlMuZGF0YU8RAbAAAAAAAbAAAgAADEZpc2hlckJvb3RIRAAAAAAAAAAAAAAAAAAAAMxX7HBIKwAAABp4DRFBcm9ub3dBIEcyMDEyLnBkZgAAAAAAAAAAAAAAAAAAAAAAAAAAAAAAAAAAAAAAAAAAAAAAAAAAAAAAAAAAAAAAGnj2zBvHqQAAAAAAAAAAAAMAAwAACSAAAAAAAAAAAAAAAAAAAAANRGVzdGlueVBhcGVycwAAEAAIAADMWDLAAAAAEQAIAADMHA35AAAAAQAQABp4DQAZaUsAFH1DABR9QgACAEdGaXNoZXJCb290SEQ6VXNlcnM6AGp3Ym93ZXJzOgBEcm9wYm94OgBEZXN0aW55UGFwZXJzOgBBcm9ub3dBIEcyMDEyLnBkZgAADgAkABEAQQByAG8AbgBvAHcAQQAgAEcAMgAwADEAMgAuAHAAZABmAA8AGgAMAEYAaQBzAGgAZQByAEIAbwBvAHQASABEABIANlVzZXJzL2p3Ym93ZXJzL0Ryb3Bib3gvRGVzdGlueVBhcGVycy9Bcm9ub3dBIEcyMDEyLnBkZgATAAEvAAAVAAIAD///AACABdIcHR4fWCRjbGFzc2VzWiRjbGFzc25hbWWjHyAhXU5TTXV0YWJsZURhdGFWTlNEYXRhWE5TT2JqZWN0XxAwLi4vLi4vLi4vRHJvcGJveC9EZXN0aW55UGFwZXJzL0Fyb25vd0EgRzIwMTIucGRm0hwdJCWiJSFcTlNEaWN0aW9uYXJ5EgABhqBfEA9OU0tleWVkQXJjaGl2ZXIACAARABYAHwAoADIANQA6ADwARQBLAFIAXQBkAGwAbwBxAHMAdQB4AHoAfACGAJMAmACgAlQCVgJbAmQCbwJzAoECiAKRAsQCyQLMAtkC3gAAAAAAAAIBAAAAAAAAACgAAAAAAAAAAAAAAAAAAALw}
		  
}

@Unpublished{	  aronowsamii2012interfere,
  abstract	= {This paper presents randomization-based methods for
		  estimating average causal effects under arbitrary
		  interference of known form. Conservative estimators of the
		  randomization variance of the average treatment effects
		  estimators are presented, as is justification for
		  confidence intervals based on a normal approximation.
		  Examples rele- vant to research in environmental
		  protection, networks experiments, ``viral marketing,''
		  two-stage disease prophylaxis trials, and stepped-wedge
		  designs are presented. },
  author	= {Peter M. Aronow and Cyrus Samii},
  date-added	= {2012-06-26 14:29:23 +0000},
  date-modified	= {2012-06-26 14:29:23 +0000},
  month		= {March},
  title		= {Estimating Average Causal Effects Under General
		  Interference},
  year		= {2012},
  bdsk-file-1	= {YnBsaXN0MDDUAQIDBAUIJidUJHRvcFgkb2JqZWN0c1gkdmVyc2lvblkkYXJjaGl2ZXLRBgdUcm9vdIABqAkKFRYXGyIjVSRudWxs0wsMDQ4RElpOUy5vYmplY3RzViRjbGFzc1dOUy5rZXlzog8QgASABoAHohMUgAKAA1lhbGlhc0RhdGFccmVsYXRpdmVQYXRo0hgMGRpXTlMuZGF0YU8RAcQAAAAAAcQAAgAADEZpc2hlckJvb3RIRAAAAAAAAAAAAAAAAAAAAMxX7HBIKwAAABp4DRZBcm9ub3dTYW1paUVzdDIwMTIucGRmAAAAAAAAAAAAAAAAAAAAAAAAAAAAAAAAAAAAAAAAAAAAAAAAAAAAAAAAGnj3zAyYAQAAAAAAAAAAAAMAAwAACSAAAAAAAAAAAAAAAAAAAAANRGVzdGlueVBhcGVycwAAEAAIAADMWDLAAAAAEQAIAADMDN5RAAAAAQAQABp4DQAZaUsAFH1DABR9QgACAExGaXNoZXJCb290SEQ6VXNlcnM6AGp3Ym93ZXJzOgBEcm9wYm94OgBEZXN0aW55UGFwZXJzOgBBcm9ub3dTYW1paUVzdDIwMTIucGRmAA4ALgAWAEEAcgBvAG4AbwB3AFMAYQBtAGkAaQBFAHMAdAAyADAAMQAyAC4AcABkAGYADwAaAAwARgBpAHMAaABlAHIAQgBvAG8AdABIAEQAEgA7VXNlcnMvandib3dlcnMvRHJvcGJveC9EZXN0aW55UGFwZXJzL0Fyb25vd1NhbWlpRXN0MjAxMi5wZGYAABMAAS8AABUAAgAP//8AAIAF0hwdHh9YJGNsYXNzZXNaJGNsYXNzbmFtZaMfICFdTlNNdXRhYmxlRGF0YVZOU0RhdGFYTlNPYmplY3RfEDUuLi8uLi8uLi9Ecm9wYm94L0Rlc3RpbnlQYXBlcnMvQXJvbm93U2FtaWlFc3QyMDEyLnBkZtIcHSQloiUhXE5TRGljdGlvbmFyeRIAAYagXxAPTlNLZXllZEFyY2hpdmVyAAgAEQAWAB8AKAAyADUAOgA8AEUASwBSAF0AZABsAG8AcQBzAHUAeAB6AHwAhgCTAJgAoAJoAmoCbwJ4AoMChwKVApwCpQLdAuIC5QLyAvcAAAAAAAACAQAAAAAAAAAoAAAAAAAAAAAAAAAAAAADCQ==}
		  ,
  bdsk-file-2	= {YnBsaXN0MDDUAQIDBAUIJidUJHRvcFgkb2JqZWN0c1gkdmVyc2lvblkkYXJjaGl2ZXLRBgdUcm9vdIABqAkKFRYXGyIjVSRudWxs0wsMDQ4RElpOUy5vYmplY3RzViRjbGFzc1dOUy5rZXlzog8QgASABoAHohMUgAKAA1lhbGlhc0RhdGFccmVsYXRpdmVQYXRo0hgMGRpXTlMuZGF0YU8RAcQAAAAAAcQAAgAADEZpc2hlckJvb3RIRAAAAAAAAAAAAAAAAAAAAMxX7HBIKwAAABp4DRZBcm9ub3dTYW1paUVzdDIwMTIucGRmAAAAAAAAAAAAAAAAAAAAAAAAAAAAAAAAAAAAAAAAAAAAAAAAAAAAAAAAGnj3zAyYAQAAAAAAAAAAAAMAAwAACSAAAAAAAAAAAAAAAAAAAAANRGVzdGlueVBhcGVycwAAEAAIAADMWDLAAAAAEQAIAADMDN5RAAAAAQAQABp4DQAZaUsAFH1DABR9QgACAExGaXNoZXJCb290SEQ6VXNlcnM6AGp3Ym93ZXJzOgBEcm9wYm94OgBEZXN0aW55UGFwZXJzOgBBcm9ub3dTYW1paUVzdDIwMTIucGRmAA4ALgAWAEEAcgBvAG4AbwB3AFMAYQBtAGkAaQBFAHMAdAAyADAAMQAyAC4AcABkAGYADwAaAAwARgBpAHMAaABlAHIAQgBvAG8AdABIAEQAEgA7VXNlcnMvandib3dlcnMvRHJvcGJveC9EZXN0aW55UGFwZXJzL0Fyb25vd1NhbWlpRXN0MjAxMi5wZGYAABMAAS8AABUAAgAP//8AAIAF0hwdHh9YJGNsYXNzZXNaJGNsYXNzbmFtZaMfICFdTlNNdXRhYmxlRGF0YVZOU0RhdGFYTlNPYmplY3RfEDUuLi8uLi8uLi9Ecm9wYm94L0Rlc3RpbnlQYXBlcnMvQXJvbm93U2FtaWlFc3QyMDEyLnBkZtIcHSQloiUhXE5TRGljdGlvbmFyeRIAAYagXxAPTlNLZXllZEFyY2hpdmVyAAgAEQAWAB8AKAAyADUAOgA8AEUASwBSAF0AZABsAG8AcQBzAHUAeAB6AHwAhgCTAJgAoAJoAmoCbwJ4AoMChwKVApwCpQLdAuIC5QLyAvcAAAAAAAACAQAAAAAAAAAoAAAAAAAAAAAAAAAAAAADCQ==}
		  
}

@Unpublished{	  aronow2012fk,
  author	= {Peter M. Aronow and Cyrus Samii},
  date-added	= {2012-07-05 15:19:05 +0000},
  date-modified	= {2012-07-05 15:19:05 +0000},
  month		= {April},
  title		= {Large Sample Coverage Properties of Inverted Exact Test
		  Intervals for Randomized Experiments},
  year		= {2012},
  bdsk-file-1	= {YnBsaXN0MDDUAQIDBAUIJidUJHRvcFgkb2JqZWN0c1gkdmVyc2lvblkkYXJjaGl2ZXLRBgdUcm9vdIABqAkKFRYXGyIjVSRudWxs0wsMDQ4RElpOUy5vYmplY3RzViRjbGFzc1dOUy5rZXlzog8QgASABoAHohMUgAKAA1lhbGlhc0RhdGFccmVsYXRpdmVQYXRo0hgMGRpXTlMuZGF0YU8RAcYAAAAAAcYAAgAADEZpc2hlckJvb3RIRAAAAAAAAAAAAAAAAAAAAMxX7HBIKwAAABqX5RxBcm9ub3cyMDEye2Fyb25vdzIwMTJma30ucGRmAAAAAAAAAAAAAAAAAAAAAAAAAAAAAAAAAAAAAAAAAAAAAAAAGpiazAZCowAAAAAAAAAAAAMAAwAACSAAAAAAAAAAAAAAAAAAAAAGUEFQRVJTABAACAAAzFgywAAAABEACAAAzAaI8wAAAAEAEAAal+UAGWlLABR9QwAUfUIAAgBLRmlzaGVyQm9vdEhEOlVzZXJzOgBqd2Jvd2VyczoARHJvcGJveDoAUEFQRVJTOgBBcm9ub3cyMDEye2Fyb25vdzIwMTJma30ucGRmAAAOADoAHABBAHIAbwBuAG8AdwAyADAAMQAyAHsAYQByAG8AbgBvAHcAMgAwADEAMgBmAGsAfQAuAHAAZABmAA8AGgAMAEYAaQBzAGgAZQByAEIAbwBvAHQASABEABIAOlVzZXJzL2p3Ym93ZXJzL0Ryb3Bib3gvUEFQRVJTL0Fyb25vdzIwMTJ7YXJvbm93MjAxMmZrfS5wZGYAEwABLwAAFQACAA///wAAgAXSHB0eH1gkY2xhc3Nlc1okY2xhc3NuYW1lox8gIV1OU011dGFibGVEYXRhVk5TRGF0YVhOU09iamVjdF8QNC4uLy4uLy4uL0Ryb3Bib3gvUEFQRVJTL0Fyb25vdzIwMTJ7YXJvbm93MjAxMmZrfS5wZGbSHB0kJaIlIVxOU0RpY3Rpb25hcnkSAAGGoF8QD05TS2V5ZWRBcmNoaXZlcgAIABEAFgAfACgAMgA1ADoAPABFAEsAUgBdAGQAbABvAHEAcwB1AHgAegB8AIYAkwCYAKACagJsAnECegKFAokClwKeAqcC3gLjAuYC8wL4AAAAAAAAAgEAAAAAAAAAKAAAAAAAAAAAAAAAAAAAAwo=}
		  
}

@Article{	  samii2011equivalencies,
  author	= {Samii, C. and Aronow, P.M.},
  date-added	= {2012-04-16 18:33:55 +0000},
  date-modified	= {2012-04-16 18:33:55 +0000},
  journal	= {Statistics \& Probability Letters},
  publisher	= {Elsevier},
  title		= {On equivalencies between design-based and regression-based
		  variance estimators for randomized experiments},
  year		= {2011},
  bdsk-file-1	= {YnBsaXN0MDDUAQIDBAUIJidUJHRvcFgkb2JqZWN0c1gkdmVyc2lvblkkYXJjaGl2ZXLRBgdUcm9vdIABqAkKFRYXGyIjVSRudWxs0wsMDQ4RElpOUy5vYmplY3RzViRjbGFzc1dOUy5rZXlzog8QgASABoAHohMUgAKAA1lhbGlhc0RhdGFccmVsYXRpdmVQYXRo0hgMGRpXTlMuZGF0YU8RAeQAAAAAAeQAAgAADEZpc2hlckJvb3RIRAAAAAAAAAAAAAAAAAAAAMxX7HBIKwAAABqX5R9TYW1paTIwMTF7c2FtaWkyMDExZSMxQTlCRUUucGRmAAAAAAAAAAAAAAAAAAAAAAAAAAAAAAAAAAAAAAAAAAAAGpvuy7HQbQAAAAAAAAAAAAMAAwAACSAAAAAAAAAAAAAAAAAAAAAGUEFQRVJTABAACAAAzFgywAAAABEACAAAy7IWvQAAAAEAEAAal+UAGWlLABR9QwAUfUIAAgBORmlzaGVyQm9vdEhEOlVzZXJzOgBqd2Jvd2VyczoARHJvcGJveDoAUEFQRVJTOgBTYW1paTIwMTF7c2FtaWkyMDExZSMxQTlCRUUucGRmAA4ATAAlAFMAYQBtAGkAaQAyADAAMQAxAHsAcwBhAG0AaQBpADIAMAAxADEAZQBxAHUAaQB2AGEAbABlAG4AYwBpAGUAcwB9AC4AcABkAGYADwAaAAwARgBpAHMAaABlAHIAQgBvAG8AdABIAEQAEgBDVXNlcnMvandib3dlcnMvRHJvcGJveC9QQVBFUlMvU2FtaWkyMDExe3NhbWlpMjAxMWVxdWl2YWxlbmNpZXN9LnBkZgAAEwABLwAAFQACAA///wAAgAXSHB0eH1gkY2xhc3Nlc1okY2xhc3NuYW1lox8gIV1OU011dGFibGVEYXRhVk5TRGF0YVhOU09iamVjdF8QPS4uLy4uLy4uL0Ryb3Bib3gvUEFQRVJTL1NhbWlpMjAxMXtzYW1paTIwMTFlcXVpdmFsZW5jaWVzfS5wZGbSHB0kJaIlIVxOU0RpY3Rpb25hcnkSAAGGoF8QD05TS2V5ZWRBcmNoaXZlcgAIABEAFgAfACgAMgA1ADoAPABFAEsAUgBdAGQAbABvAHEAcwB1AHgAegB8AIYAkwCYAKACiAKKAo8CmAKjAqcCtQK8AsUDBQMKAw0DGgMfAAAAAAAAAgEAAAAAAAAAKAAAAAAAAAAAAAAAAAAAAzE=}
		  
}

@Article{	  ichino2012deterring,
  author	= {Ichino, N. and Sch{\"u}ndeln, M.},
  date-added	= {2012-02-27 16:15:38 +0000},
  date-modified	= {2012-02-27 16:16:14 +0000},
  institution	= {Working paper},
  journal	= {Journal of Politics},
  month		= {January},
  number	= {1},
  pages		= {292--307},
  title		= {Deterring or Displacing Electoral Irregularities?
		  Spillover Effects of Observers in a Randomized Field
		  Experiment in Ghana},
  volume	= {74},
  year		= {2012},
  bdsk-file-1	= {YnBsaXN0MDDUAQIDBAUIJidUJHRvcFgkb2JqZWN0c1gkdmVyc2lvblkkYXJjaGl2ZXLRBgdUcm9vdIABqAkKFRYXGyIjVSRudWxs0wsMDQ4RElpOUy5vYmplY3RzViRjbGFzc1dOUy5rZXlzog8QgASABoAHohMUgAKAA1lhbGlhc0RhdGFccmVsYXRpdmVQYXRo0hgMGRpXTlMuZGF0YU8RAd4AAAAAAd4AAgAADEZpc2hlckJvb3RIRAAAAAAAAAAAAAAAAAAAAMxX7HBIKwAAABqX5R9JY2hpbm8yMDEye2ljaGlubzIwMSMxQTlBNjgucGRmAAAAAAAAAAAAAAAAAAAAAAAAAAAAAAAAAAAAAAAAAAAAGppoy3EIpQAAAAAAAAAAAAMAAwAACSAAAAAAAAAAAAAAAAAAAAAGUEFQRVJTABAACAAAzFgywAAAABEACAAAy3FdBQAAAAEAEAAal+UAGWlLABR9QwAUfUIAAgBORmlzaGVyQm9vdEhEOlVzZXJzOgBqd2Jvd2VyczoARHJvcGJveDoAUEFQRVJTOgBJY2hpbm8yMDEye2ljaGlubzIwMSMxQTlBNjgucGRmAA4ASAAjAEkAYwBoAGkAbgBvADIAMAAxADIAewBpAGMAaABpAG4AbwAyADAAMQAyAGQAZQB0AGUAcgByAGkAbgBnAH0ALgBwAGQAZgAPABoADABGAGkAcwBoAGUAcgBCAG8AbwB0AEgARAASAEFVc2Vycy9qd2Jvd2Vycy9Ecm9wYm94L1BBUEVSUy9JY2hpbm8yMDEye2ljaGlubzIwMTJkZXRlcnJpbmd9LnBkZgAAEwABLwAAFQACAA///wAAgAXSHB0eH1gkY2xhc3Nlc1okY2xhc3NuYW1lox8gIV1OU011dGFibGVEYXRhVk5TRGF0YVhOU09iamVjdF8QOy4uLy4uLy4uL0Ryb3Bib3gvUEFQRVJTL0ljaGlubzIwMTJ7aWNoaW5vMjAxMmRldGVycmluZ30ucGRm0hwdJCWiJSFcTlNEaWN0aW9uYXJ5EgABhqBfEA9OU0tleWVkQXJjaGl2ZXIACAARABYAHwAoADIANQA6ADwARQBLAFIAXQBkAGwAbwBxAHMAdQB4AHoAfACGAJMAmACgAoIChAKJApICnQKhAq8CtgK/Av0DAgMFAxIDFwAAAAAAAAIBAAAAAAAAACgAAAAAAAAAAAAAAAAAAAMp}
		  
}

@Article{	  keele2012strengthening,
  author	= {Keele, L. and McConnaughy, C. and White, I.},
  date-added	= {2011-12-12 17:41:44 +0000},
  date-modified	= {2011-12-12 17:43:29 +0000},
  journal	= {American Journal of Political Science},
  title		= {Strengthening the Experimenters Toolbox: Statistical
		  Estimation of Internal Validity},
  year		= {2012}
}

@Article{	  miguel2004worms,
  author	= {Miguel, E. and Kremer, M.},
  date-added	= {2011-11-21 16:55:59 +0000},
  date-modified	= {2011-11-21 16:55:59 +0000},
  journal	= {Econometrica},
  number	= {1},
  pages		= {159--217},
  publisher	= {Wiley Online Library},
  title		= {Worms: identifying impacts on education and health in the
		  presence of treatment externalities},
  volume	= {72},
  year		= {2004},
  bdsk-file-1	= {YnBsaXN0MDDUAQIDBAUIJidUJHRvcFgkb2JqZWN0c1gkdmVyc2lvblkkYXJjaGl2ZXLRBgdUcm9vdIABqAkKFRYXGyIjVSRudWxs0wsMDQ4RElpOUy5vYmplY3RzViRjbGFzc1dOUy5rZXlzog8QgASABoAHohMUgAKAA1lhbGlhc0RhdGFccmVsYXRpdmVQYXRo0hgMGRpXTlMuZGF0YU8RAdIAAAAAAdIAAgAADEZpc2hlckJvb3RIRAAAAAAAAAAAAAAAAAAAAMxX7HBIKwAAABqX5R9NaWd1ZWwyMDA0e21pZ3VlbDIwMDR3b3Jtc30ucGRmAAAAAAAAAAAAAAAAAAAAAAAAAAAAAAAAAAAAAAAAAAAAGpsFytsedQAAAAAAAAAAAAMAAwAACSAAAAAAAAAAAAAAAAAAAAAGUEFQRVJTABAACAAAzFgywAAAABEACAAAyttkxQAAAAEAEAAal+UAGWlLABR9QwAUfUIAAgBORmlzaGVyQm9vdEhEOlVzZXJzOgBqd2Jvd2VyczoARHJvcGJveDoAUEFQRVJTOgBNaWd1ZWwyMDA0e21pZ3VlbDIwMDR3b3Jtc30ucGRmAA4AQAAfAE0AaQBnAHUAZQBsADIAMAAwADQAewBtAGkAZwB1AGUAbAAyADAAMAA0AHcAbwByAG0AcwB9AC4AcABkAGYADwAaAAwARgBpAHMAaABlAHIAQgBvAG8AdABIAEQAEgA9VXNlcnMvandib3dlcnMvRHJvcGJveC9QQVBFUlMvTWlndWVsMjAwNHttaWd1ZWwyMDA0d29ybXN9LnBkZgAAEwABLwAAFQACAA///wAAgAXSHB0eH1gkY2xhc3Nlc1okY2xhc3NuYW1lox8gIV1OU011dGFibGVEYXRhVk5TRGF0YVhOU09iamVjdF8QNy4uLy4uLy4uL0Ryb3Bib3gvUEFQRVJTL01pZ3VlbDIwMDR7bWlndWVsMjAwNHdvcm1zfS5wZGbSHB0kJaIlIVxOU0RpY3Rpb25hcnkSAAGGoF8QD05TS2V5ZWRBcmNoaXZlcgAIABEAFgAfACgAMgA1ADoAPABFAEsAUgBdAGQAbABvAHEAcwB1AHgAegB8AIYAkwCYAKACdgJ4An0ChgKRApUCowKqArMC7QLyAvUDAgMHAAAAAAAAAgEAAAAAAAAAKAAAAAAAAAAAAAAAAAAAAxk=}
		  
}

@Article{	  siegel2009social,
  author	= {Siegel, D.A.},
  date-added	= {2011-10-24 15:51:06 +0000},
  date-modified	= {2011-10-24 15:51:06 +0000},
  journal	= {American Journal of Political Science},
  number	= {1},
  pages		= {122--138},
  publisher	= {Wiley Online Library},
  title		= {Social networks and collective action},
  volume	= {53},
  year		= {2009},
  bdsk-file-1	= {YnBsaXN0MDDUAQIDBAUIJidUJHRvcFgkb2JqZWN0c1gkdmVyc2lvblkkYXJjaGl2ZXLRBgdUcm9vdIABqAkKFRYXGyIjVSRudWxs0wsMDQ4RElpOUy5vYmplY3RzViRjbGFzc1dOUy5rZXlzog8QgASABoAHohMUgAKAA1lhbGlhc0RhdGFccmVsYXRpdmVQYXRo0hgMGRpXTlMuZGF0YU8RAdQAAAAAAdQAAgAADEZpc2hlckJvb3RIRAAAAAAAAAAAAAAAAAAAAMxX7HBIKwAAABqX5R9TaWVnZWwyMDA5e3NpZWdlbDIwMCMxQTlDMEIucGRmAAAAAAAAAAAAAAAAAAAAAAAAAAAAAAAAAAAAAAAAAAAAGpwLysr0BwAAAAAAAAAAAAMAAwAACSAAAAAAAAAAAAAAAAAAAAAGUEFQRVJTABAACAAAzFgywAAAABEACAAAyss6VwAAAAEAEAAal+UAGWlLABR9QwAUfUIAAgBORmlzaGVyQm9vdEhEOlVzZXJzOgBqd2Jvd2VyczoARHJvcGJveDoAUEFQRVJTOgBTaWVnZWwyMDA5e3NpZWdlbDIwMCMxQTlDMEIucGRmAA4AQgAgAFMAaQBlAGcAZQBsADIAMAAwADkAewBzAGkAZQBnAGUAbAAyADAAMAA5AHMAbwBjAGkAYQBsAH0ALgBwAGQAZgAPABoADABGAGkAcwBoAGUAcgBCAG8AbwB0AEgARAASAD5Vc2Vycy9qd2Jvd2Vycy9Ecm9wYm94L1BBUEVSUy9TaWVnZWwyMDA5e3NpZWdlbDIwMDlzb2NpYWx9LnBkZgATAAEvAAAVAAIAD///AACABdIcHR4fWCRjbGFzc2VzWiRjbGFzc25hbWWjHyAhXU5TTXV0YWJsZURhdGFWTlNEYXRhWE5TT2JqZWN0XxA4Li4vLi4vLi4vRHJvcGJveC9QQVBFUlMvU2llZ2VsMjAwOXtzaWVnZWwyMDA5c29jaWFsfS5wZGbSHB0kJaIlIVxOU0RpY3Rpb25hcnkSAAGGoF8QD05TS2V5ZWRBcmNoaXZlcgAIABEAFgAfACgAMgA1ADoAPABFAEsAUgBdAGQAbABvAHEAcwB1AHgAegB8AIYAkwCYAKACeAJ6An8CiAKTApcCpQKsArUC8AL1AvgDBQMKAAAAAAAAAgEAAAAAAAAAKAAAAAAAAAAAAAAAAAAAAxw=}
		  
}

@Article{	  vanderweele2008ignorability,
  author	= {VanderWeele, T.J.},
  date-added	= {2011-10-24 15:38:37 +0000},
  date-modified	= {2011-10-24 15:38:37 +0000},
  journal	= {Statistics in medicine},
  number	= {11},
  pages		= {1934--1943},
  publisher	= {Wiley Online Library},
  title		= {Ignorability and stability assumptions in neighborhood
		  effects research},
  volume	= {27},
  year		= {2008},
  bdsk-file-1	= {YnBsaXN0MDDUAQIDBAUIJidUJHRvcFgkb2JqZWN0c1gkdmVyc2lvblkkYXJjaGl2ZXLRBgdUcm9vdIABqAkKFRYXGyIjVSRudWxs0wsMDQ4RElpOUy5vYmplY3RzViRjbGFzc1dOUy5rZXlzog8QgASABoAHohMUgAKAA1lhbGlhc0RhdGFccmVsYXRpdmVQYXRo0hgMGRpXTlMuZGF0YU8RAgQAAAAAAgQAAgAADEZpc2hlckJvb3RIRAAAAAAAAAAAAAAAAAAAAMxX7HBIKwAAABqX5R9WYW5kZXJXZWVsZTIwMDh7dmFuZCMxQTlDNjUucGRmAAAAAAAAAAAAAAAAAAAAAAAAAAAAAAAAAAAAAAAAAAAAGpxlysrzLgAAAAAAAAAAAAMAAwAACSAAAAAAAAAAAAAAAAAAAAAGUEFQRVJTABAACAAAzFgywAAAABEACAAAyss5fgAAAAEAEAAal+UAGWlLABR9QwAUfUIAAgBORmlzaGVyQm9vdEhEOlVzZXJzOgBqd2Jvd2VyczoARHJvcGJveDoAUEFQRVJTOgBWYW5kZXJXZWVsZTIwMDh7dmFuZCMxQTlDNjUucGRmAA4AYgAwAFYAYQBuAGQAZQByAFcAZQBlAGwAZQAyADAAMAA4AHsAdgBhAG4AZABlAHIAdwBlAGUAbABlADIAMAAwADgAaQBnAG4AbwByAGEAYgBpAGwAaQB0AHkAfQAuAHAAZABmAA8AGgAMAEYAaQBzAGgAZQByAEIAbwBvAHQASABEABIATlVzZXJzL2p3Ym93ZXJzL0Ryb3Bib3gvUEFQRVJTL1ZhbmRlcldlZWxlMjAwOHt2YW5kZXJ3ZWVsZTIwMDhpZ25vcmFiaWxpdHl9LnBkZgATAAEvAAAVAAIAD///AACABdIcHR4fWCRjbGFzc2VzWiRjbGFzc25hbWWjHyAhXU5TTXV0YWJsZURhdGFWTlNEYXRhWE5TT2JqZWN0XxBILi4vLi4vLi4vRHJvcGJveC9QQVBFUlMvVmFuZGVyV2VlbGUyMDA4e3ZhbmRlcndlZWxlMjAwOGlnbm9yYWJpbGl0eX0ucGRm0hwdJCWiJSFcTlNEaWN0aW9uYXJ5EgABhqBfEA9OU0tleWVkQXJjaGl2ZXIACAARABYAHwAoADIANQA6ADwARQBLAFIAXQBkAGwAbwBxAHMAdQB4AHoAfACGAJMAmACgAqgCqgKvArgCwwLHAtUC3ALlAzADNQM4A0UDSgAAAAAAAAIBAAAAAAAAACgAAAAAAAAAAAAAAAAAAANc}
		  
}

@Article{	  hong2006evaluating,
  author	= {Hong, G. and Raudenbush, S.W.},
  date-added	= {2011-10-24 15:37:33 +0000},
  date-modified	= {2011-10-24 15:37:33 +0000},
  journal	= {Journal of the American Statistical Association},
  number	= {475},
  pages		= {901--910},
  publisher	= {ASA},
  title		= {Evaluating Kindergarten Retention Policy},
  volume	= {101},
  year		= {2006},
  bdsk-file-1	= {YnBsaXN0MDDUAQIDBAUIJidUJHRvcFgkb2JqZWN0c1gkdmVyc2lvblkkYXJjaGl2ZXLRBgdUcm9vdIABqAkKFRYXGyIjVSRudWxs0wsMDQ4RElpOUy5vYmplY3RzViRjbGFzc1dOUy5rZXlzog8QgASABoAHohMUgAKAA1lhbGlhc0RhdGFccmVsYXRpdmVQYXRo0hgMGRpXTlMuZGF0YU8RAdgAAAAAAdgAAgAADEZpc2hlckJvb3RIRAAAAAAAAAAAAAAAAAAAAMxX7HBIKwAAABqX5R9Ib25nMjAwNntob25nMjAwNmV2YSMxQTlBNEQucGRmAAAAAAAAAAAAAAAAAAAAAAAAAAAAAAAAAAAAAAAAAAAAGppNys7i4gAAAAAAAAAAAAMAAwAACSAAAAAAAAAAAAAAAAAAAAAGUEFQRVJTABAACAAAzFgywAAAABEACAAAys8pMgAAAAEAEAAal+UAGWlLABR9QwAUfUIAAgBORmlzaGVyQm9vdEhEOlVzZXJzOgBqd2Jvd2VyczoARHJvcGJveDoAUEFQRVJTOgBIb25nMjAwNntob25nMjAwNmV2YSMxQTlBNEQucGRmAA4ARAAhAEgAbwBuAGcAMgAwADAANgB7AGgAbwBuAGcAMgAwADAANgBlAHYAYQBsAHUAYQB0AGkAbgBnAGEAfQAuAHAAZABmAA8AGgAMAEYAaQBzAGgAZQByAEIAbwBvAHQASABEABIAP1VzZXJzL2p3Ym93ZXJzL0Ryb3Bib3gvUEFQRVJTL0hvbmcyMDA2e2hvbmcyMDA2ZXZhbHVhdGluZ2F9LnBkZgAAEwABLwAAFQACAA///wAAgAXSHB0eH1gkY2xhc3Nlc1okY2xhc3NuYW1lox8gIV1OU011dGFibGVEYXRhVk5TRGF0YVhOU09iamVjdF8QOS4uLy4uLy4uL0Ryb3Bib3gvUEFQRVJTL0hvbmcyMDA2e2hvbmcyMDA2ZXZhbHVhdGluZ2F9LnBkZtIcHSQloiUhXE5TRGljdGlvbmFyeRIAAYagXxAPTlNLZXllZEFyY2hpdmVyAAgAEQAWAB8AKAAyADUAOgA8AEUASwBSAF0AZABsAG8AcQBzAHUAeAB6AHwAhgCTAJgAoAJ8An4CgwKMApcCmwKpArACuQL1AvoC/QMKAw8AAAAAAAACAQAAAAAAAAAoAAAAAAAAAAAAAAAAAAADIQ==}
		  ,
  bdsk-file-2	= {YnBsaXN0MDDUAQIDBAUIJidUJHRvcFgkb2JqZWN0c1gkdmVyc2lvblkkYXJjaGl2ZXLRBgdUcm9vdIABqAkKFRYXGyIjVSRudWxs0wsMDQ4RElpOUy5vYmplY3RzViRjbGFzc1dOUy5rZXlzog8QgASABoAHohMUgAKAA1lhbGlhc0RhdGFccmVsYXRpdmVQYXRo0hgMGRpXTlMuZGF0YU8RAdQAAAAAAdQAAgAADEZpc2hlckJvb3RIRAAAAAAAAAAAAAAAAAAAAMxX7HBIKwAAABqX5R9Ib25nMjAwNntob25nMjAwNmV2YSMxQTlBNEUucGRmAAAAAAAAAAAAAAAAAAAAAAAAAAAAAAAAAAAAAAAAAAAAGppOysrxSwAAAAAAAAAAAAMAAwAACSAAAAAAAAAAAAAAAAAAAAAGUEFQRVJTABAACAAAzFgywAAAABEACAAAyss3mwAAAAEAEAAal+UAGWlLABR9QwAUfUIAAgBORmlzaGVyQm9vdEhEOlVzZXJzOgBqd2Jvd2VyczoARHJvcGJveDoAUEFQRVJTOgBIb25nMjAwNntob25nMjAwNmV2YSMxQTlBNEUucGRmAA4AQgAgAEgAbwBuAGcAMgAwADAANgB7AGgAbwBuAGcAMgAwADAANgBlAHYAYQBsAHUAYQB0AGkAbgBnAH0ALgBwAGQAZgAPABoADABGAGkAcwBoAGUAcgBCAG8AbwB0AEgARAASAD5Vc2Vycy9qd2Jvd2Vycy9Ecm9wYm94L1BBUEVSUy9Ib25nMjAwNntob25nMjAwNmV2YWx1YXRpbmd9LnBkZgATAAEvAAAVAAIAD///AACABdIcHR4fWCRjbGFzc2VzWiRjbGFzc25hbWWjHyAhXU5TTXV0YWJsZURhdGFWTlNEYXRhWE5TT2JqZWN0XxA4Li4vLi4vLi4vRHJvcGJveC9QQVBFUlMvSG9uZzIwMDZ7aG9uZzIwMDZldmFsdWF0aW5nfS5wZGbSHB0kJaIlIVxOU0RpY3Rpb25hcnkSAAGGoF8QD05TS2V5ZWRBcmNoaXZlcgAIABEAFgAfACgAMgA1ADoAPABFAEsAUgBdAGQAbABvAHEAcwB1AHgAegB8AIYAkwCYAKACeAJ6An8CiAKTApcCpQKsArUC8AL1AvgDBQMKAAAAAAAAAgEAAAAAAAAAKAAAAAAAAAAAAAAAAAAAAxw=}
		  
}

@Article{	  nickerson2011social,
  author	= {Nickerson, D.W.},
  date-added	= {2011-10-24 15:33:42 +0000},
  date-modified	= {2011-10-24 15:33:42 +0000},
  journal	= {Cambridge Handbook of Experimental Political Science},
  pages		= {273},
  publisher	= {Cambridge Univ Pr},
  title		= {Social Networks and Political Context},
  year		= {2011},
  bdsk-file-1	= {YnBsaXN0MDDUAQIDBAUIJidUJHRvcFgkb2JqZWN0c1gkdmVyc2lvblkkYXJjaGl2ZXLRBgdUcm9vdIABqAkKFRYXGyIjVSRudWxs0wsMDQ4RElpOUy5vYmplY3RzViRjbGFzc1dOUy5rZXlzog8QgASABoAHohMUgAKAA1lhbGlhc0RhdGFccmVsYXRpdmVQYXRo0hgMGRpXTlMuZGF0YU8RAeYAAAAAAeYAAgAADEZpc2hlckJvb3RIRAAAAAAAAAAAAAAAAAAAAMxX7HBIKwAAABqX5R9OaWNrZXJzb24yMDExe25pY2tlciMxQTlCMkEucGRmAAAAAAAAAAAAAAAAAAAAAAAAAAAAAAAAAAAAAAAAAAAAGpsqysrv3gAAAAAAAAAAAAMAAwAACSAAAAAAAAAAAAAAAAAAAAAGUEFQRVJTABAACAAAzFgywAAAABEACAAAyss2LgAAAAEAEAAal+UAGWlLABR9QwAUfUIAAgBORmlzaGVyQm9vdEhEOlVzZXJzOgBqd2Jvd2VyczoARHJvcGJveDoAUEFQRVJTOgBOaWNrZXJzb24yMDExe25pY2tlciMxQTlCMkEucGRmAA4ATgAmAE4AaQBjAGsAZQByAHMAbwBuADIAMAAxADEAewBuAGkAYwBrAGUAcgBzAG8AbgAyADAAMQAxAHMAbwBjAGkAYQBsAH0ALgBwAGQAZgAPABoADABGAGkAcwBoAGUAcgBCAG8AbwB0AEgARAASAERVc2Vycy9qd2Jvd2Vycy9Ecm9wYm94L1BBUEVSUy9OaWNrZXJzb24yMDExe25pY2tlcnNvbjIwMTFzb2NpYWx9LnBkZgATAAEvAAAVAAIAD///AACABdIcHR4fWCRjbGFzc2VzWiRjbGFzc25hbWWjHyAhXU5TTXV0YWJsZURhdGFWTlNEYXRhWE5TT2JqZWN0XxA+Li4vLi4vLi4vRHJvcGJveC9QQVBFUlMvTmlja2Vyc29uMjAxMXtuaWNrZXJzb24yMDExc29jaWFsfS5wZGbSHB0kJaIlIVxOU0RpY3Rpb25hcnkSAAGGoF8QD05TS2V5ZWRBcmNoaXZlcgAIABEAFgAfACgAMgA1ADoAPABFAEsAUgBdAGQAbABvAHEAcwB1AHgAegB8AIYAkwCYAKACigKMApECmgKlAqkCtwK+AscDCAMNAxADHQMiAAAAAAAAAgEAAAAAAAAAKAAAAAAAAAAAAAAAAAAAAzQ=}
		  
}

@Article{	  nickerson2008voting,
  author	= {Nickerson, D.W.},
  date-added	= {2011-10-24 15:32:34 +0000},
  date-modified	= {2011-10-24 15:32:34 +0000},
  journal	= {American Political Science Review},
  number	= {01},
  pages		= {49--57},
  publisher	= {Cambridge Univ Press},
  title		= {Is voting contagious? Evidence from two field
		  experiments},
  volume	= {102},
  year		= {2008},
  bdsk-file-1	= {YnBsaXN0MDDUAQIDBAUIJidUJHRvcFgkb2JqZWN0c1gkdmVyc2lvblkkYXJjaGl2ZXLRBgdUcm9vdIABqAkKFRYXGyIjVSRudWxs0wsMDQ4RElpOUy5vYmplY3RzViRjbGFzc1dOUy5rZXlzog8QgASABoAHohMUgAKAA1lhbGlhc0RhdGFccmVsYXRpdmVQYXRo0hgMGRpXTlMuZGF0YU8RAeYAAAAAAeYAAgAADEZpc2hlckJvb3RIRAAAAAAAAAAAAAAAAAAAAMxX7HBIKwAAABqX5R9OaWNrZXJzb24yMDA4e25pY2tlciMxQTlCMjkucGRmAAAAAAAAAAAAAAAAAAAAAAAAAAAAAAAAAAAAAAAAAAAAGpspysrvnAAAAAAAAAAAAAMAAwAACSAAAAAAAAAAAAAAAAAAAAAGUEFQRVJTABAACAAAzFgywAAAABEACAAAyss17AAAAAEAEAAal+UAGWlLABR9QwAUfUIAAgBORmlzaGVyQm9vdEhEOlVzZXJzOgBqd2Jvd2VyczoARHJvcGJveDoAUEFQRVJTOgBOaWNrZXJzb24yMDA4e25pY2tlciMxQTlCMjkucGRmAA4ATgAmAE4AaQBjAGsAZQByAHMAbwBuADIAMAAwADgAewBuAGkAYwBrAGUAcgBzAG8AbgAyADAAMAA4AHYAbwB0AGkAbgBnAH0ALgBwAGQAZgAPABoADABGAGkAcwBoAGUAcgBCAG8AbwB0AEgARAASAERVc2Vycy9qd2Jvd2Vycy9Ecm9wYm94L1BBUEVSUy9OaWNrZXJzb24yMDA4e25pY2tlcnNvbjIwMDh2b3Rpbmd9LnBkZgATAAEvAAAVAAIAD///AACABdIcHR4fWCRjbGFzc2VzWiRjbGFzc25hbWWjHyAhXU5TTXV0YWJsZURhdGFWTlNEYXRhWE5TT2JqZWN0XxA+Li4vLi4vLi4vRHJvcGJveC9QQVBFUlMvTmlja2Vyc29uMjAwOHtuaWNrZXJzb24yMDA4dm90aW5nfS5wZGbSHB0kJaIlIVxOU0RpY3Rpb25hcnkSAAGGoF8QD05TS2V5ZWRBcmNoaXZlcgAIABEAFgAfACgAMgA1ADoAPABFAEsAUgBdAGQAbABvAHEAcwB1AHgAegB8AIYAkwCYAKACigKMApECmgKlAqkCtwK+AscDCAMNAxADHQMiAAAAAAAAAgEAAAAAAAAAKAAAAAAAAAAAAAAAAAAAAzQ=}
		  
}

@Article{	  chen2010technology,
  author	= {Chen, J. and Humphreys, M. and Modi, V.},
  date-added	= {2011-06-04 10:47:58 -0500},
  date-modified	= {2011-06-04 10:47:58 -0500},
  title		= {Technology Diffusion and Social Networks: Evidence from a
		  Field Experiment in Uganda},
  year		= {2010},
  bdsk-file-1	= {YnBsaXN0MDDUAQIDBAUIJidUJHRvcFgkb2JqZWN0c1gkdmVyc2lvblkkYXJjaGl2ZXLRBgdUcm9vdIABqAkKFRYXGyIjVSRudWxs0wsMDQ4RElpOUy5vYmplY3RzViRjbGFzc1dOUy5rZXlzog8QgASABoAHohMUgAKAA1lhbGlhc0RhdGFccmVsYXRpdmVQYXRo0hgMGRpXTlMuZGF0YU8RAcgAAAAAAcgAAgAADEZpc2hlckJvb3RIRAAAAAAAAAAAAAAAAAAAAMxX7HBIKwAAABp4DRdjaGVuMjAxMHRlY2hub2xvZ3kwLnBkZgAAAAAAAAAAAAAAAAAAAAAAAAAAAAAAAAAAAAAAAAAAAAAAAAAAAAAAGnk7yg++igAAAAAAAAAAAAMAAwAACSAAAAAAAAAAAAAAAAAAAAANRGVzdGlueVBhcGVycwAAEAAIAADMWDLAAAAAEQAIAADKEATaAAAAAQAQABp4DQAZaUsAFH1DABR9QgACAE1GaXNoZXJCb290SEQ6VXNlcnM6AGp3Ym93ZXJzOgBEcm9wYm94OgBEZXN0aW55UGFwZXJzOgBjaGVuMjAxMHRlY2hub2xvZ3kwLnBkZgAADgAwABcAYwBoAGUAbgAyADAAMQAwAHQAZQBjAGgAbgBvAGwAbwBnAHkAMAAuAHAAZABmAA8AGgAMAEYAaQBzAGgAZQByAEIAbwBvAHQASABEABIAPFVzZXJzL2p3Ym93ZXJzL0Ryb3Bib3gvRGVzdGlueVBhcGVycy9jaGVuMjAxMHRlY2hub2xvZ3kwLnBkZgATAAEvAAAVAAIAD///AACABdIcHR4fWCRjbGFzc2VzWiRjbGFzc25hbWWjHyAhXU5TTXV0YWJsZURhdGFWTlNEYXRhWE5TT2JqZWN0XxA2Li4vLi4vLi4vRHJvcGJveC9EZXN0aW55UGFwZXJzL2NoZW4yMDEwdGVjaG5vbG9neTAucGRm0hwdJCWiJSFcTlNEaWN0aW9uYXJ5EgABhqBfEA9OU0tleWVkQXJjaGl2ZXIACAARABYAHwAoADIANQA6ADwARQBLAFIAXQBkAGwAbwBxAHMAdQB4AHoAfACGAJMAmACgAmwCbgJzAnwChwKLApkCoAKpAuIC5wLqAvcC/AAAAAAAAAIBAAAAAAAAACgAAAAAAAAAAAAAAAAAAAMO}
		  
}

@Article{	  tchetgen2010causal,
  author	= {Tchetgen, E.J.T. and VanderWeele, T.J.},
  date-added	= {2011-06-04 10:46:37 -0500},
  date-modified	= {2011-06-04 10:46:37 -0500},
  journal	= {Statistical Methods in Medical Research},
  publisher	= {SAGE Publications},
  title		= {On causal inference in the presence of interference},
  year		= {2010},
  bdsk-file-1	= {YnBsaXN0MDDUAQIDBAUIJidUJHRvcFgkb2JqZWN0c1gkdmVyc2lvblkkYXJjaGl2ZXLRBgdUcm9vdIABqAkKFRYXGyIjVSRudWxs0wsMDQ4RElpOUy5vYmplY3RzViRjbGFzc1dOUy5rZXlzog8QgASABoAHohMUgAKAA1lhbGlhc0RhdGFccmVsYXRpdmVQYXRo0hgMGRpXTlMuZGF0YU8RAcgAAAAAAcgAAgAADEZpc2hlckJvb3RIRAAAAAAAAAAAAAAAAAAAAMxX7HBIKwAAABp4DRd0Y2hldGdlbjIwMTBjYXVzYWwwLnBkZgAAAAAAAAAAAAAAAAAAAAAAAAAAAAAAAAAAAAAAAAAAAAAAAAAAAAAAGnldyg++0QAAAAAAAAAAAAMAAwAACSAAAAAAAAAAAAAAAAAAAAANRGVzdGlueVBhcGVycwAAEAAIAADMWDLAAAAAEQAIAADKEAUhAAAAAQAQABp4DQAZaUsAFH1DABR9QgACAE1GaXNoZXJCb290SEQ6VXNlcnM6AGp3Ym93ZXJzOgBEcm9wYm94OgBEZXN0aW55UGFwZXJzOgB0Y2hldGdlbjIwMTBjYXVzYWwwLnBkZgAADgAwABcAdABjAGgAZQB0AGcAZQBuADIAMAAxADAAYwBhAHUAcwBhAGwAMAAuAHAAZABmAA8AGgAMAEYAaQBzAGgAZQByAEIAbwBvAHQASABEABIAPFVzZXJzL2p3Ym93ZXJzL0Ryb3Bib3gvRGVzdGlueVBhcGVycy90Y2hldGdlbjIwMTBjYXVzYWwwLnBkZgATAAEvAAAVAAIAD///AACABdIcHR4fWCRjbGFzc2VzWiRjbGFzc25hbWWjHyAhXU5TTXV0YWJsZURhdGFWTlNEYXRhWE5TT2JqZWN0XxA2Li4vLi4vLi4vRHJvcGJveC9EZXN0aW55UGFwZXJzL3RjaGV0Z2VuMjAxMGNhdXNhbDAucGRm0hwdJCWiJSFcTlNEaWN0aW9uYXJ5EgABhqBfEA9OU0tleWVkQXJjaGl2ZXIACAARABYAHwAoADIANQA6ADwARQBLAFIAXQBkAGwAbwBxAHMAdQB4AHoAfACGAJMAmACgAmwCbgJzAnwChwKLApkCoAKpAuIC5wLqAvcC/AAAAAAAAAIBAAAAAAAAACgAAAAAAAAAAAAAAAAAAAMO}
		  
}

@article{rogowski2012estimating,
  title={Estimating the causal effects of social interaction with endogenous networks},
  author={Rogowski, Jon C and Sinclair, Betsy},
  journal={Political Analysis},
  volume={20},
  number={3},
  pages={316--328},
  year={2012},
  publisher={SPM-PMSAPSA}
}

@article{porter2005network,
  title={A network analysis of committees in the US House of Representatives},
  author={Porter, Mason A and Mucha, Peter J and Newman, Mark EJ and Warmbrand, Casey M},
  journal={Proceedings of the National Academy of Sciences of the United States of America},
  volume={102},
  number={20},
  pages={7057--7062},
  year={2005},
  publisher={National Acad Sciences}
}

@article{fowler2006connecting,
  title={Connecting the Congress: A study of cosponsorship networks},
  author={Fowler, James H},
  journal={Political Analysis},
  volume={14},
  number={4},
  pages={456--487},
  year={2006},
  publisher={SPM-PMSAPSA}
}

@article{ringe2013keeping,
  title={Keeping your friends close and your enemies closer? Information networks in legislative politics},
  author={Ringe, Nils and Victor, Jennifer Nicoll and Gross, Justin H},
  journal={British Journal of Political Science},
  volume={43},
  number={03},
  pages={601--628},
  year={2013},
  publisher={Cambridge Univ Press}
}

@article{victor2009social,
  title={The social utility of informal institutions caucuses as networks in the 110th us house of representatives},
  author={Victor, Jennifer Nicoll and Ringe, Nils},
  journal={American Politics Research},
  volume={37},
  number={5},
  pages={742--766},
  year={2009},
  publisher={SAGE Publications}
}

@article{kim2012comparing,
  title={Comparing the Influence of Social Networks Online and Offline on Decision Making: The US Senate Case},
  author={Kim, Jang Hyun and Barnett, George},
  journal={E-Politics and Organizational Implications of the Internet: Power, Influence, and Social Change: Power, Influence, and Social Change},
  pages={198},
  year={2012},
  publisher={IGI Global}
}

@InCollection{	  sinclair33,
  author	= {Sinclair, B.},
  booktitle	= {Cambridge Handbook of Experimental Political Science},
  date-added	= {2011-05-15 15:25:21 -0500},
  date-modified	= {2011-05-15 15:26:04 -0500},
  pages		= {906},
  publisher	= {{Cambridge University Press}},
  title		= {Design and Analysis of Experiments in Multilevel
		  Populations},
  year		= {2011}
}

@InProceedings{	  mcconnell2010detecting,
  author	= {McConnell, M. and Sinclair, B. and Green, D.P.},
  booktitle	= {third annual center for experimental social science and
		  New York University experimental political science
		  conference},
  date-added	= {2011-05-15 15:25:15 -0500},
  date-modified	= {2011-05-15 15:25:15 -0500},
  title		= {Detecting social networks: design and analysis of
		  multilevel experiments},
  year		= {2010}
}

@Article{	  berger1994p,
  author	= {Berger, R.L. and Boos, D.D.},
  date-added	= {2011-04-07 13:03:46 -0500},
  date-modified	= {2011-04-07 13:03:46 -0500},
  journal	= {Journal of the American Statistical Association},
  number	= {427},
  publisher	= {American Statistical Association},
  title		= {P Values Maximized over a Confidence Set for the Nuisance
		  Parameter.},
  volume	= {89},
  year		= {1994}
}

@Article{	  barnard1947significance,
  author	= {Barnard, GA},
  date-added	= {2011-04-07 12:59:54 -0500},
  date-modified	= {2011-04-07 12:59:54 -0500},
  issn		= {0006-3444},
  journal	= {Biometrika},
  number	= {1/2},
  pages		= {123--138},
  publisher	= {JSTOR},
  title		= {Significance tests for 2$\times$ 2 tables},
  volume	= {34},
  year		= {1947}
}

@Article{	  silvapulle1996test,
  author	= {Silvapulle, M.J.},
  date-added	= {2011-04-07 12:54:10 -0500},
  date-modified	= {2011-04-07 12:54:10 -0500},
  journal	= {Journal of the American Statistical Association},
  number	= {436},
  publisher	= {American Statistical Association},
  title		= {A Test in the Presence of Nuisance Parameters.},
  volume	= {91},
  year		= {1996},
  bdsk-file-1	= {YnBsaXN0MDDUAQIDBAUIJidUJHRvcFgkb2JqZWN0c1gkdmVyc2lvblkkYXJjaGl2ZXLRBgdUcm9vdIABqAkKFRYXGyIjVSRudWxs0wsMDQ4RElpOUy5vYmplY3RzViRjbGFzc1dOUy5rZXlzog8QgASABoAHohMUgAKAA1lhbGlhc0RhdGFccmVsYXRpdmVQYXRo0hgMGRpXTlMuZGF0YU8RAeYAAAAAAeYAAgAADEZpc2hlckJvb3RIRAAAAAAAAAAAAAAAAAAAAMxX7HBIKwAAABqX5R9TaWx2YXB1bGxlMTk5NntzaWx2YSMxQTlDMEMucGRmAAAAAAAAAAAAAAAAAAAAAAAAAAAAAAAAAAAAAAAAAAAAGpwMycNltAAAAAAAAAAAAAMAAwAACSAAAAAAAAAAAAAAAAAAAAAGUEFQRVJTABAACAAAzFgywAAAABEACAAAycOsBAAAAAEAEAAal+UAGWlLABR9QwAUfUIAAgBORmlzaGVyQm9vdEhEOlVzZXJzOgBqd2Jvd2VyczoARHJvcGJveDoAUEFQRVJTOgBTaWx2YXB1bGxlMTk5NntzaWx2YSMxQTlDMEMucGRmAA4ATgAmAFMAaQBsAHYAYQBwAHUAbABsAGUAMQA5ADkANgB7AHMAaQBsAHYAYQBwAHUAbABsAGUAMQA5ADkANgB0AGUAcwB0AH0ALgBwAGQAZgAPABoADABGAGkAcwBoAGUAcgBCAG8AbwB0AEgARAASAERVc2Vycy9qd2Jvd2Vycy9Ecm9wYm94L1BBUEVSUy9TaWx2YXB1bGxlMTk5NntzaWx2YXB1bGxlMTk5NnRlc3R9LnBkZgATAAEvAAAVAAIAD///AACABdIcHR4fWCRjbGFzc2VzWiRjbGFzc25hbWWjHyAhXU5TTXV0YWJsZURhdGFWTlNEYXRhWE5TT2JqZWN0XxA+Li4vLi4vLi4vRHJvcGJveC9QQVBFUlMvU2lsdmFwdWxsZTE5OTZ7c2lsdmFwdWxsZTE5OTZ0ZXN0fS5wZGbSHB0kJaIlIVxOU0RpY3Rpb25hcnkSAAGGoF8QD05TS2V5ZWRBcmNoaXZlcgAIABEAFgAfACgAMgA1ADoAPABFAEsAUgBdAGQAbABvAHEAcwB1AHgAegB8AIYAkwCYAKACigKMApECmgKlAqkCtwK+AscDCAMNAxADHQMiAAAAAAAAAgEAAAAAAAAAKAAAAAAAAAAAAAAAAAAAAzQ=}
		  
}

@Article{	  nolen2010randomization,
  author	= {Nolen, T.L. and Hudgens, M.},
  date-added	= {2011-04-05 12:52:59 -0500},
  date-modified	= {2011-04-05 12:52:59 -0500},
  journal	= {The University of North Carolina at Chapel Hill Department
		  of Biostatistics Technical Report Series},
  pages		= {17},
  publisher	= {bepress},
  title		= {Randomization-Based Inference within Principal Strata},
  year		= {2010},
  bdsk-file-1	= {YnBsaXN0MDDUAQIDBAUIJidUJHRvcFgkb2JqZWN0c1gkdmVyc2lvblkkYXJjaGl2ZXLRBgdUcm9vdIABqAkKFRYXGyIjVSRudWxs0wsMDQ4RElpOUy5vYmplY3RzViRjbGFzc1dOUy5rZXlzog8QgASABoAHohMUgAKAA1lhbGlhc0RhdGFccmVsYXRpdmVQYXRo0hgMGRpXTlMuZGF0YU8RAeQAAAAAAeQAAgAADEZpc2hlckJvb3RIRAAAAAAAAAAAAAAAAAAAAMxX7HBIKwAAABqX5R9Ob2xlbjIwMTB7bm9sZW4yMDEwciMxQTlCMkQucGRmAAAAAAAAAAAAAAAAAAAAAAAAAAAAAAAAAAAAAAAAAAAAGpstycDAhgAAAAAAAAAAAAMAAwAACSAAAAAAAAAAAAAAAAAAAAAGUEFQRVJTABAACAAAzFgywAAAABEACAAAycEG1gAAAAEAEAAal+UAGWlLABR9QwAUfUIAAgBORmlzaGVyQm9vdEhEOlVzZXJzOgBqd2Jvd2VyczoARHJvcGJveDoAUEFQRVJTOgBOb2xlbjIwMTB7bm9sZW4yMDEwciMxQTlCMkQucGRmAA4ATAAlAE4AbwBsAGUAbgAyADAAMQAwAHsAbgBvAGwAZQBuADIAMAAxADAAcgBhAG4AZABvAG0AaQB6AGEAdABpAG8AbgB9AC4AcABkAGYADwAaAAwARgBpAHMAaABlAHIAQgBvAG8AdABIAEQAEgBDVXNlcnMvandib3dlcnMvRHJvcGJveC9QQVBFUlMvTm9sZW4yMDEwe25vbGVuMjAxMHJhbmRvbWl6YXRpb259LnBkZgAAEwABLwAAFQACAA///wAAgAXSHB0eH1gkY2xhc3Nlc1okY2xhc3NuYW1lox8gIV1OU011dGFibGVEYXRhVk5TRGF0YVhOU09iamVjdF8QPS4uLy4uLy4uL0Ryb3Bib3gvUEFQRVJTL05vbGVuMjAxMHtub2xlbjIwMTByYW5kb21pemF0aW9ufS5wZGbSHB0kJaIlIVxOU0RpY3Rpb25hcnkSAAGGoF8QD05TS2V5ZWRBcmNoaXZlcgAIABEAFgAfACgAMgA1ADoAPABFAEsAUgBdAGQAbABvAHEAcwB1AHgAegB8AIYAkwCYAKACiAKKAo8CmAKjAqcCtQK8AsUDBQMKAw0DGgMfAAAAAAAAAgEAAAAAAAAAKAAAAAAAAAAAAAAAAAAAAzE=}
		  
}

@Article{	  vanderweele2010direct,
  author	= {VanderWeele, T.J.},
  date-added	= {2010-09-15 13:08:58 -0500},
  date-modified	= {2010-09-15 13:08:58 -0500},
  journal	= {Sociological Methods \& Research},
  number	= {4},
  pages		= {515},
  publisher	= {Sage Publications},
  title		= {Direct and indirect effects for neighborhood-based
		  clustered and longitudinal data},
  volume	= {38},
  year		= {2010},
  bdsk-file-1	= {YnBsaXN0MDDUAQIDBAUIJidUJHRvcFgkb2JqZWN0c1gkdmVyc2lvblkkYXJjaGl2ZXLRBgdUcm9vdIABqAkKFRYXGyIjVSRudWxs0wsMDQ4RElpOUy5vYmplY3RzViRjbGFzc1dOUy5rZXlzog8QgASABoAHohMUgAKAA1lhbGlhc0RhdGFccmVsYXRpdmVQYXRo0hgMGRpXTlMuZGF0YU8RAdQAAAAAAdQAAgAADEZpc2hlckJvb3RIRAAAAAAAAAAAAAAAAAAAAMxX7HBIKwAAABp4DRp2YW5kZXJ3ZWVsZTIwMTBkaXJlY3QwLnBkZgAAAAAAAAAAAAAAAAAAAAAAAAAAAAAAAAAAAAAAAAAAAAAAAAAAGnljyfWgNgAAAAAAAAAAAAMAAwAACSAAAAAAAAAAAAAAAAAAAAANRGVzdGlueVBhcGVycwAAEAAIAADMWDLAAAAAEQAIAADJ9eaGAAAAAQAQABp4DQAZaUsAFH1DABR9QgACAFBGaXNoZXJCb290SEQ6VXNlcnM6AGp3Ym93ZXJzOgBEcm9wYm94OgBEZXN0aW55UGFwZXJzOgB2YW5kZXJ3ZWVsZTIwMTBkaXJlY3QwLnBkZgAOADYAGgB2AGEAbgBkAGUAcgB3AGUAZQBsAGUAMgAwADEAMABkAGkAcgBlAGMAdAAwAC4AcABkAGYADwAaAAwARgBpAHMAaABlAHIAQgBvAG8AdABIAEQAEgA/VXNlcnMvandib3dlcnMvRHJvcGJveC9EZXN0aW55UGFwZXJzL3ZhbmRlcndlZWxlMjAxMGRpcmVjdDAucGRmAAATAAEvAAAVAAIAD///AACABdIcHR4fWCRjbGFzc2VzWiRjbGFzc25hbWWjHyAhXU5TTXV0YWJsZURhdGFWTlNEYXRhWE5TT2JqZWN0XxA5Li4vLi4vLi4vRHJvcGJveC9EZXN0aW55UGFwZXJzL3ZhbmRlcndlZWxlMjAxMGRpcmVjdDAucGRm0hwdJCWiJSFcTlNEaWN0aW9uYXJ5EgABhqBfEA9OU0tleWVkQXJjaGl2ZXIACAARABYAHwAoADIANQA6ADwARQBLAFIAXQBkAGwAbwBxAHMAdQB4AHoAfACGAJMAmACgAngCegJ/AogCkwKXAqUCrAK1AvEC9gL5AwYDCwAAAAAAAAIBAAAAAAAAACgAAAAAAAAAAAAAAAAAAAMd}
		  
}

@Article{	  hudgens2008toward,
  annote	= {Proposes direct, indirect, total and overall average
		  treatment effects.},
  author	= {Hudgens, M.G. and Halloran, M.E.},
  date-added	= {2010-09-15 11:56:02 -0500},
  date-modified	= {2011-10-27 14:41:24 +0000},
  journal	= {Journal of the American Statistical Association},
  number	= {482},
  pages		= {832--842},
  publisher	= {ASA},
  title		= {Toward causal inference with interference},
  volume	= {103},
  year		= {2008},
  bdsk-file-1	= {YnBsaXN0MDDUAQIDBAUIJidUJHRvcFgkb2JqZWN0c1gkdmVyc2lvblkkYXJjaGl2ZXLRBgdUcm9vdIABqAkKFRYXGyIjVSRudWxs0wsMDQ4RElpOUy5vYmplY3RzViRjbGFzc1dOUy5rZXlzog8QgASABoAHohMUgAKAA1lhbGlhc0RhdGFccmVsYXRpdmVQYXRo0hgMGRpXTlMuZGF0YU8RAdoAAAAAAdoAAgAADEZpc2hlckJvb3RIRAAAAAAAAAAAAAAAAAAAAMxX7HBIKwAAABqX5R9IdWRnZW5zMjAwOHtodWRnZW5zMiMxQTlBNUUucGRmAAAAAAAAAAAAAAAAAAAAAAAAAAAAAAAAAAAAAAAAAAAAGppeyLZlCgAAAAAAAAAAAAMAAwAACSAAAAAAAAAAAAAAAAAAAAAGUEFQRVJTABAACAAAzFgywAAAABEACAAAyLarWgAAAAEAEAAal+UAGWlLABR9QwAUfUIAAgBORmlzaGVyQm9vdEhEOlVzZXJzOgBqd2Jvd2VyczoARHJvcGJveDoAUEFQRVJTOgBIdWRnZW5zMjAwOHtodWRnZW5zMiMxQTlBNUUucGRmAA4ARgAiAEgAdQBkAGcAZQBuAHMAMgAwADAAOAB7AGgAdQBkAGcAZQBuAHMAMgAwADAAOAB0AG8AdwBhAHIAZAB9AC4AcABkAGYADwAaAAwARgBpAHMAaABlAHIAQgBvAG8AdABIAEQAEgBAVXNlcnMvandib3dlcnMvRHJvcGJveC9QQVBFUlMvSHVkZ2VuczIwMDh7aHVkZ2VuczIwMDh0b3dhcmR9LnBkZgATAAEvAAAVAAIAD///AACABdIcHR4fWCRjbGFzc2VzWiRjbGFzc25hbWWjHyAhXU5TTXV0YWJsZURhdGFWTlNEYXRhWE5TT2JqZWN0XxA6Li4vLi4vLi4vRHJvcGJveC9QQVBFUlMvSHVkZ2VuczIwMDh7aHVkZ2VuczIwMDh0b3dhcmR9LnBkZtIcHSQloiUhXE5TRGljdGlvbmFyeRIAAYagXxAPTlNLZXllZEFyY2hpdmVyAAgAEQAWAB8AKAAyADUAOgA8AEUASwBSAF0AZABsAG8AcQBzAHUAeAB6AHwAhgCTAJgAoAJ+AoAChQKOApkCnQKrArICuwL4Av0DAAMNAxIAAAAAAAACAQAAAAAAAAAoAAAAAAAAAAAAAAAAAAADJA==}
		  ,
  bdsk-file-2	= {YnBsaXN0MDDUAQIDBAUIJidUJHRvcFgkb2JqZWN0c1gkdmVyc2lvblkkYXJjaGl2ZXLRBgdUcm9vdIABqAkKFRYXGyIjVSRudWxs0wsMDQ4RElpOUy5vYmplY3RzViRjbGFzc1dOUy5rZXlzog8QgASABoAHohMUgAKAA1lhbGlhc0RhdGFccmVsYXRpdmVQYXRo0hgMGRpXTlMuZGF0YU8RAcQAAAAAAcQAAgAADEZpc2hlckJvb3RIRAAAAAAAAAAAAAAAAAAAAMxX7HBIKwAAABp4DRZodWRnZW5zMjAwOHRvd2FyZDAucGRmAAAAAAAAAAAAAAAAAAAAAAAAAAAAAAAAAAAAAAAAAAAAAAAAAAAAAAAAGnlHyfWbTwAAAAAAAAAAAAMAAwAACSAAAAAAAAAAAAAAAAAAAAANRGVzdGlueVBhcGVycwAAEAAIAADMWDLAAAAAEQAIAADJ9eGfAAAAAQAQABp4DQAZaUsAFH1DABR9QgACAExGaXNoZXJCb290SEQ6VXNlcnM6AGp3Ym93ZXJzOgBEcm9wYm94OgBEZXN0aW55UGFwZXJzOgBodWRnZW5zMjAwOHRvd2FyZDAucGRmAA4ALgAWAGgAdQBkAGcAZQBuAHMAMgAwADAAOAB0AG8AdwBhAHIAZAAwAC4AcABkAGYADwAaAAwARgBpAHMAaABlAHIAQgBvAG8AdABIAEQAEgA7VXNlcnMvandib3dlcnMvRHJvcGJveC9EZXN0aW55UGFwZXJzL2h1ZGdlbnMyMDA4dG93YXJkMC5wZGYAABMAAS8AABUAAgAP//8AAIAF0hwdHh9YJGNsYXNzZXNaJGNsYXNzbmFtZaMfICFdTlNNdXRhYmxlRGF0YVZOU0RhdGFYTlNPYmplY3RfEDUuLi8uLi8uLi9Ecm9wYm94L0Rlc3RpbnlQYXBlcnMvaHVkZ2VuczIwMDh0b3dhcmQwLnBkZtIcHSQloiUhXE5TRGljdGlvbmFyeRIAAYagXxAPTlNLZXllZEFyY2hpdmVyAAgAEQAWAB8AKAAyADUAOgA8AEUASwBSAF0AZABsAG8AcQBzAHUAeAB6AHwAhgCTAJgAoAJoAmoCbwJ4AoMChwKVApwCpQLdAuIC5QLyAvcAAAAAAAACAQAAAAAAAAAoAAAAAAAAAAAAAAAAAAADCQ==}
		  
}

@Book{		  myleshollander1999a,
  author	= {Hollander, Myles},
  date-added	= {2010-08-23 10:59:57 -0500},
  date-modified	= {2010-08-23 10:59:57 -0500},
  edition	= {Second},
  isbn		= {0471190454},
  publisher	= {Wiley-Interscience},
  title		= {Nonparametric Statistical Methods, 2nd Edition},
  year		= {1999}
}

@Article{	  sobel2006randomized,
  author	= {Sobel, M.E.},
  date-added	= {2010-08-12 13:54:59 -0500},
  date-modified	= {2010-08-12 13:54:59 -0500},
  journal	= {Journal of the American Statistical Association},
  number	= {476},
  pages		= {1398--1407},
  publisher	= {ASA},
  title		= {What Do Randomized Studies of Housing Mobility
		  Demonstrate?},
  volume	= {101},
  year		= {2006},
  bdsk-file-1	= {YnBsaXN0MDDUAQIDBAUIJidUJHRvcFgkb2JqZWN0c1gkdmVyc2lvblkkYXJjaGl2ZXLRBgdUcm9vdIABqAkKFRYXGyIjVSRudWxs0wsMDQ4RElpOUy5vYmplY3RzViRjbGFzc1dOUy5rZXlzog8QgASABoAHohMUgAKAA1lhbGlhc0RhdGFccmVsYXRpdmVQYXRo0hgMGRpXTlMuZGF0YU8RAdoAAAAAAdoAAgAADEZpc2hlckJvb3RIRAAAAAAAAAAAAAAAAAAAAMxX7HBIKwAAABqX5R9Tb2JlbDIwMDZ7c29iZWwyMDA2ciMxQTlDMjQucGRmAAAAAAAAAAAAAAAAAAAAAAAAAAAAAAAAAAAAAAAAAAAAGpwkyImtvAAAAAAAAAAAAAMAAwAACSAAAAAAAAAAAAAAAAAAAAAGUEFQRVJTABAACAAAzFgywAAAABEACAAAyIn0DAAAAAEAEAAal+UAGWlLABR9QwAUfUIAAgBORmlzaGVyQm9vdEhEOlVzZXJzOgBqd2Jvd2VyczoARHJvcGJveDoAUEFQRVJTOgBTb2JlbDIwMDZ7c29iZWwyMDA2ciMxQTlDMjQucGRmAA4ARgAiAFMAbwBiAGUAbAAyADAAMAA2AHsAcwBvAGIAZQBsADIAMAAwADYAcgBhAG4AZABvAG0AaQB6AGUAZAB9AC4AcABkAGYADwAaAAwARgBpAHMAaABlAHIAQgBvAG8AdABIAEQAEgBAVXNlcnMvandib3dlcnMvRHJvcGJveC9QQVBFUlMvU29iZWwyMDA2e3NvYmVsMjAwNnJhbmRvbWl6ZWR9LnBkZgATAAEvAAAVAAIAD///AACABdIcHR4fWCRjbGFzc2VzWiRjbGFzc25hbWWjHyAhXU5TTXV0YWJsZURhdGFWTlNEYXRhWE5TT2JqZWN0XxA6Li4vLi4vLi4vRHJvcGJveC9QQVBFUlMvU29iZWwyMDA2e3NvYmVsMjAwNnJhbmRvbWl6ZWR9LnBkZtIcHSQloiUhXE5TRGljdGlvbmFyeRIAAYagXxAPTlNLZXllZEFyY2hpdmVyAAgAEQAWAB8AKAAyADUAOgA8AEUASwBSAF0AZABsAG8AcQBzAHUAeAB6AHwAhgCTAJgAoAJ+AoAChQKOApkCnQKrArICuwL4Av0DAAMNAxIAAAAAAAACAQAAAAAAAAAoAAAAAAAAAAAAAAAAAAADJA==}
		  
}

@Article{	  rosenblum2009using,
  author	= {Rosenblum, M. and Van Der Laan, M.J.},
  date-added	= {2010-07-16 10:20:57 -0500},
  date-modified	= {2010-07-16 10:20:57 -0500},
  journal	= {Biometrics},
  number	= {3},
  pages		= {937--945},
  publisher	= {John Wiley \& Sons},
  title		= {Using regression models to analyze randomized trials:
		  Asymptotically valid hypothesis tests despite incorrectly
		  specified models},
  volume	= {65},
  year		= {2009},
  bdsk-file-1	= {YnBsaXN0MDDUAQIDBAUIJidUJHRvcFgkb2JqZWN0c1gkdmVyc2lvblkkYXJjaGl2ZXLRBgdUcm9vdIABqAkKFRYXGyIjVSRudWxs0wsMDQ4RElpOUy5vYmplY3RzViRjbGFzc1dOUy5rZXlzog8QgASABoAHohMUgAKAA1lhbGlhc0RhdGFccmVsYXRpdmVQYXRo0hgMGRpXTlMuZGF0YU8RAeQAAAAAAeQAAgAADEZpc2hlckJvb3RIRAAAAAAAAAAAAAAAAAAAAMxX7HBIKwAAABqX5R9Sb3NlbmJsdW0yMDA5e3Jvc2VuYiMxQTlCQzgucGRmAAAAAAAAAAAAAAAAAAAAAAAAAAAAAAAAAAAAAAAAAAAAGpvIyGXjuAAAAAAAAAAAAAMAAwAACSAAAAAAAAAAAAAAAAAAAAAGUEFQRVJTABAACAAAzFgywAAAABEACAAAyGYqCAAAAAEAEAAal+UAGWlLABR9QwAUfUIAAgBORmlzaGVyQm9vdEhEOlVzZXJzOgBqd2Jvd2VyczoARHJvcGJveDoAUEFQRVJTOgBSb3NlbmJsdW0yMDA5e3Jvc2VuYiMxQTlCQzgucGRmAA4ATAAlAFIAbwBzAGUAbgBiAGwAdQBtADIAMAAwADkAewByAG8AcwBlAG4AYgBsAHUAbQAyADAAMAA5AHUAcwBpAG4AZwB9AC4AcABkAGYADwAaAAwARgBpAHMAaABlAHIAQgBvAG8AdABIAEQAEgBDVXNlcnMvandib3dlcnMvRHJvcGJveC9QQVBFUlMvUm9zZW5ibHVtMjAwOXtyb3NlbmJsdW0yMDA5dXNpbmd9LnBkZgAAEwABLwAAFQACAA///wAAgAXSHB0eH1gkY2xhc3Nlc1okY2xhc3NuYW1lox8gIV1OU011dGFibGVEYXRhVk5TRGF0YVhOU09iamVjdF8QPS4uLy4uLy4uL0Ryb3Bib3gvUEFQRVJTL1Jvc2VuYmx1bTIwMDl7cm9zZW5ibHVtMjAwOXVzaW5nfS5wZGbSHB0kJaIlIVxOU0RpY3Rpb25hcnkSAAGGoF8QD05TS2V5ZWRBcmNoaXZlcgAIABEAFgAfACgAMgA1ADoAPABFAEsAUgBdAGQAbABvAHEAcwB1AHgAegB8AIYAkwCYAKACiAKKAo8CmAKjAqcCtQK8AsUDBQMKAw0DGgMfAAAAAAAAAgEAAAAAAAAAKAAAAAAAAAAAAAAAAAAAAzE=}
		  
}

@Unpublished{	  imbens2009causal,
  author	= {Imbens, G. and Rubin, D.},
  date-added	= {2010-01-25 10:28:27 -0600},
  date-modified	= {2010-01-25 10:29:50 -0600},
  note		= {Unpublished book manuscript. Forthcoming at Cambridge
		  University Press.},
  publisher	= {Cambridge University Press},
  title		= {Causal Inference in Statistics},
  year		= {2009}
}

@Book{		  rosenbaum2010design,
  author	= {Rosenbaum, Paul R.},
  date-added	= {2009-10-06 20:45:24 -0500},
  date-modified	= {2011-09-08 16:42:49 +0000},
  month		= {May},
  publisher	= {Springer},
  title		= {Design of Observational Studies},
  url		= {http://www.springer.com/statistics/statistical+theory+and+methods/book/978-1-4419-1212-1}
		  ,
  year		= {2010},
  bdsk-url-1	= {http://www.springer.com/statistics/statistical+theory+and+methods/book/978-1-4419-1212-1}
		  
}

@Article{	  sekhon2008nrm,
  author	= {Sekhon, Jasjeet S.},
  date-added	= {2009-05-19 16:29:19 -0500},
  date-modified	= {2009-05-19 16:31:53 -0500},
  journal	= {Oxford handbook of political methodology},
  pages		= {271--},
  title		= {{The Neyman-Rubin Model of Causal Inference and Estimation
		  via Matching Methods}},
  year		= {2008}
}

@Article{	  brady2008cae,
  author	= {Brady, Henry E.},
  date-added	= {2009-05-17 09:45:14 -0500},
  date-modified	= {2010-07-12 13:36:18 -0500},
  journal	= {Oxford handbook of political methodology},
  pages		= {217--270},
  title		= {{Causation and explanation in social science}},
  year		= {2008},
  bdsk-file-1	= {YnBsaXN0MDDUAQIDBAUIJidUJHRvcFgkb2JqZWN0c1gkdmVyc2lvblkkYXJjaGl2ZXLRBgdUcm9vdIABqAkKFRYXGyIjVSRudWxs0wsMDQ4RElpOUy5vYmplY3RzViRjbGFzc1dOUy5rZXlzog8QgASABoAHohMUgAKAA1lhbGlhc0RhdGFccmVsYXRpdmVQYXRo0hgMGRpXTlMuZGF0YU8RAcIAAAAAAcIAAgAADEZpc2hlckJvb3RIRAAAAAAAAAAAAAAAAAAAAMxX7HBIKwAAABqX5RtCcmFkeTIwMDh7YnJhZHkyMDA4Y2FlfS5wZGYAAAAAAAAAAAAAAAAAAAAAAAAAAAAAAAAAAAAAAAAAAAAAAAAAGpjuypDudgAAAAAAAAAAAAMAAwAACSAAAAAAAAAAAAAAAAAAAAAGUEFQRVJTABAACAAAzFgywAAAABEACAAAypE0xgAAAAEAEAAal+UAGWlLABR9QwAUfUIAAgBKRmlzaGVyQm9vdEhEOlVzZXJzOgBqd2Jvd2VyczoARHJvcGJveDoAUEFQRVJTOgBCcmFkeTIwMDh7YnJhZHkyMDA4Y2FlfS5wZGYADgA4ABsAQgByAGEAZAB5ADIAMAAwADgAewBiAHIAYQBkAHkAMgAwADAAOABjAGEAZQB9AC4AcABkAGYADwAaAAwARgBpAHMAaABlAHIAQgBvAG8AdABIAEQAEgA5VXNlcnMvandib3dlcnMvRHJvcGJveC9QQVBFUlMvQnJhZHkyMDA4e2JyYWR5MjAwOGNhZX0ucGRmAAATAAEvAAAVAAIAD///AACABdIcHR4fWCRjbGFzc2VzWiRjbGFzc25hbWWjHyAhXU5TTXV0YWJsZURhdGFWTlNEYXRhWE5TT2JqZWN0XxAzLi4vLi4vLi4vRHJvcGJveC9QQVBFUlMvQnJhZHkyMDA4e2JyYWR5MjAwOGNhZX0ucGRm0hwdJCWiJSFcTlNEaWN0aW9uYXJ5EgABhqBfEA9OU0tleWVkQXJjaGl2ZXIACAARABYAHwAoADIANQA6ADwARQBLAFIAXQBkAGwAbwBxAHMAdQB4AHoAfACGAJMAmACgAmYCaAJtAnYCgQKFApMCmgKjAtkC3gLhAu4C8wAAAAAAAAIBAAAAAAAAACgAAAAAAAAAAAAAAAAAAAMF}
		  
}

@Article{	  hansenbowers2008cov,
  author	= {Hansen, Ben B. and Bowers, Jake},
  date-added	= {2008-04-05 21:08:05 -0500},
  date-modified	= {2008-04-05 21:08:46 -0500},
  journal	= {Statistical Science},
  number	= {2},
  pages		= {219--236},
  title		= {Covariate balance in simple, stratified and clustered
		  comparative studies.},
  volume	= {23},
  year		= {2008},
  bdsk-file-1	= {YnBsaXN0MDDUAQIDBAUIJidUJHRvcFgkb2JqZWN0c1gkdmVyc2lvblkkYXJjaGl2ZXLRBgdUcm9vdIABqAkKFRYXGyIjVSRudWxs0wsMDQ4RElpOUy5vYmplY3RzViRjbGFzc1dOUy5rZXlzog8QgASABoAHohMUgAKAA1lhbGlhc0RhdGFccmVsYXRpdmVQYXRo0hgMGRpXTlMuZGF0YU8RAbYAAAAAAbYAAgAADEZpc2hlckJvb3RIRAAAAAAAAAAAAAAAAAAAAMxX7HBIKwAAABqX5RhIYW5zZW5Cb3dlcnMyMDA4Y292MC5wZGYAAAAAAAAAAAAAAAAAAAAAAAAAAAAAAAAAAAAAAAAAAAAAAAAAAAAAGpoeyJfxgQAAAAAAAAAAAAMAAwAACSAAAAAAAAAAAAAAAAAAAAAGUEFQRVJTABAACAAAzFgywAAAABEACAAAyJg30QAAAAEAEAAal+UAGWlLABR9QwAUfUIAAgBHRmlzaGVyQm9vdEhEOlVzZXJzOgBqd2Jvd2VyczoARHJvcGJveDoAUEFQRVJTOgBIYW5zZW5Cb3dlcnMyMDA4Y292MC5wZGYAAA4AMgAYAEgAYQBuAHMAZQBuAEIAbwB3AGUAcgBzADIAMAAwADgAYwBvAHYAMAAuAHAAZABmAA8AGgAMAEYAaQBzAGgAZQByAEIAbwBvAHQASABEABIANlVzZXJzL2p3Ym93ZXJzL0Ryb3Bib3gvUEFQRVJTL0hhbnNlbkJvd2VyczIwMDhjb3YwLnBkZgATAAEvAAAVAAIAD///AACABdIcHR4fWCRjbGFzc2VzWiRjbGFzc25hbWWjHyAhXU5TTXV0YWJsZURhdGFWTlNEYXRhWE5TT2JqZWN0XxAwLi4vLi4vLi4vRHJvcGJveC9QQVBFUlMvSGFuc2VuQm93ZXJzMjAwOGNvdjAucGRm0hwdJCWiJSFcTlNEaWN0aW9uYXJ5EgABhqBfEA9OU0tleWVkQXJjaGl2ZXIACAARABYAHwAoADIANQA6ADwARQBLAFIAXQBkAGwAbwBxAHMAdQB4AHoAfACGAJMAmACgAloCXAJhAmoCdQJ5AocCjgKXAsoCzwLSAt8C5AAAAAAAAAIBAAAAAAAAACgAAAAAAAAAAAAAAAAAAAL2}
		  ,
  bdsk-file-2	= {YnBsaXN0MDDUAQIDBAUIJidUJHRvcFgkb2JqZWN0c1gkdmVyc2lvblkkYXJjaGl2ZXLRBgdUcm9vdIABqAkKFRYXGyIjVSRudWxs0wsMDQ4RElpOUy5vYmplY3RzViRjbGFzc1dOUy5rZXlzog8QgASABoAHohMUgAKAA1lhbGlhc0RhdGFccmVsYXRpdmVQYXRo0hgMGRpXTlMuZGF0YU8RAegAAAAAAegAAgAADEZpc2hlckJvb3RIRAAAAAAAAAAAAAAAAAAAAMxX7HBIKwAAABp4DR9IYW5zZW4yMDA4Q292YXJpYXRlIGJhbGFuY2UucGRmAAAAAAAAAAAAAAAAAAAAAAAAAAAAAAAAAAAAAAAAAAAAGnkNy5qUSwAAAAAAAAAAAAMAAwAACSAAAAAAAAAAAAAAAAAAAAANRGVzdGlueVBhcGVycwAAEAAIAADMWDLAAAAAEQAIAADLmtqbAAAAAQAQABp4DQAZaUsAFH1DABR9QgACAFVGaXNoZXJCb290SEQ6VXNlcnM6AGp3Ym93ZXJzOgBEcm9wYm94OgBEZXN0aW55UGFwZXJzOgBIYW5zZW4yMDA4Q292YXJpYXRlIGJhbGFuY2UucGRmAAAOAEAAHwBIAGEAbgBzAGUAbgAyADAAMAA4AEMAbwB2AGEAcgBpAGEAdABlACAAYgBhAGwAYQBuAGMAZQAuAHAAZABmAA8AGgAMAEYAaQBzAGgAZQByAEIAbwBvAHQASABEABIARFVzZXJzL2p3Ym93ZXJzL0Ryb3Bib3gvRGVzdGlueVBhcGVycy9IYW5zZW4yMDA4Q292YXJpYXRlIGJhbGFuY2UucGRmABMAAS8AABUAAgAP//8AAIAF0hwdHh9YJGNsYXNzZXNaJGNsYXNzbmFtZaMfICFdTlNNdXRhYmxlRGF0YVZOU0RhdGFYTlNPYmplY3RfED4uLi8uLi8uLi9Ecm9wYm94L0Rlc3RpbnlQYXBlcnMvSGFuc2VuMjAwOENvdmFyaWF0ZSBiYWxhbmNlLnBkZtIcHSQloiUhXE5TRGljdGlvbmFyeRIAAYagXxAPTlNLZXllZEFyY2hpdmVyAAgAEQAWAB8AKAAyADUAOgA8AEUASwBSAF0AZABsAG8AcQBzAHUAeAB6AHwAhgCTAJgAoAKMAo4CkwKcAqcCqwK5AsACyQMKAw8DEgMfAyQAAAAAAAACAQAAAAAAAAAoAAAAAAAAAAAAAAAAAAADNg==}
		  
}

@Article{	  hansenbowers2009att,
  author	= {Hansen, Ben B. and Bowers, Jake},
  date-added	= {2008-04-05 21:05:43 -0500},
  date-modified	= {2009-10-06 22:29:30 -0500},
  doi		= {10.1198/jasa.2009.ap06589},
  journal	= {Journal of the American Statistical Association},
  month		= {Sep},
  number	= {487},
  pages		= {873---885},
  title		= {Attributing Effects to A Cluster Randomized
		  Get-Out-The-Vote Campaign.},
  volume	= {104},
  year		= {2009},
  bdsk-file-1	= {YnBsaXN0MDDUAQIDBAUIJidUJHRvcFgkb2JqZWN0c1gkdmVyc2lvblkkYXJjaGl2ZXLRBgdUcm9vdIABqAkKFRYXGyIjVSRudWxs0wsMDQ4RElpOUy5vYmplY3RzViRjbGFzc1dOUy5rZXlzog8QgASABoAHohMUgAKAA1lhbGlhc0RhdGFccmVsYXRpdmVQYXRo0hgMGRpXTlMuZGF0YU8RAbIAAAAAAbIAAgAADEZpc2hlckJvb3RIRAAAAAAAAAAAAAAAAAAAAMxX7HBIKwAAABqX5RdIYW5zZW5Cb3dlcnMyMDA5YXR0LnBkZgAAAAAAAAAAAAAAAAAAAAAAAAAAAAAAAAAAAAAAAAAAAAAAAAAAAAAAGpofxvNrzgAAAAAAAAAAAAMAAwAACSAAAAAAAAAAAAAAAAAAAAAGUEFQRVJTABAACAAAzFgywAAAABEACAAAxvOyHgAAAAEAEAAal+UAGWlLABR9QwAUfUIAAgBGRmlzaGVyQm9vdEhEOlVzZXJzOgBqd2Jvd2VyczoARHJvcGJveDoAUEFQRVJTOgBIYW5zZW5Cb3dlcnMyMDA5YXR0LnBkZgAOADAAFwBIAGEAbgBzAGUAbgBCAG8AdwBlAHIAcwAyADAAMAA5AGEAdAB0AC4AcABkAGYADwAaAAwARgBpAHMAaABlAHIAQgBvAG8AdABIAEQAEgA1VXNlcnMvandib3dlcnMvRHJvcGJveC9QQVBFUlMvSGFuc2VuQm93ZXJzMjAwOWF0dC5wZGYAABMAAS8AABUAAgAP//8AAIAF0hwdHh9YJGNsYXNzZXNaJGNsYXNzbmFtZaMfICFdTlNNdXRhYmxlRGF0YVZOU0RhdGFYTlNPYmplY3RfEC8uLi8uLi8uLi9Ecm9wYm94L1BBUEVSUy9IYW5zZW5Cb3dlcnMyMDA5YXR0LnBkZtIcHSQloiUhXE5TRGljdGlvbmFyeRIAAYagXxAPTlNLZXllZEFyY2hpdmVyAAgAEQAWAB8AKAAyADUAOgA8AEUASwBSAF0AZABsAG8AcQBzAHUAeAB6AHwAhgCTAJgAoAJWAlgCXQJmAnECdQKDAooCkwLFAsoCzQLaAt8AAAAAAAACAQAAAAAAAAAoAAAAAAAAAAAAAAAAAAAC8Q==}
		  ,
  bdsk-url-1	= {http://dx.doi.org/10.1198/jasa.2009.ap06589}
}

@Article{	  rubin:1980sutva,
  author	= {Rubin, Donald B.},
  citeulike-article-id={207562},
  date-added	= {2007-09-03 22:45:16 -0500},
  date-modified	= {2011-09-10 15:29:04 +0000},
  journal	= {Journal of the American Statistical Association},
  keywords	= {fisher statistics},
  number	= {371},
  opturl	= {http://links.jstor.org/sici?sici=0162-1459%28198009%2975%3A371%3C591%3ARAOEDT%3E2.0.CO%3B2-K}
		  ,
  pages		= {591--593},
  priority	= {2},
  title		= {Comment on ``Randomization Analysis of Experimental Data:
		  The Fisher Randomization Test''},
  volume	= {75},
  year		= {1980},
  bdsk-file-1	= {YnBsaXN0MDDUAQIDBAUIJidUJHRvcFgkb2JqZWN0c1gkdmVyc2lvblkkYXJjaGl2ZXLRBgdUcm9vdIABqAkKFRYXGyIjVSRudWxs0wsMDQ4RElpOUy5vYmplY3RzViRjbGFzc1dOUy5rZXlzog8QgASABoAHohMUgAKAA1lhbGlhc0RhdGFccmVsYXRpdmVQYXRo0hgMGRpXTlMuZGF0YU8RAaoAAAAAAaoAAgAADEZpc2hlckJvb3RIRAAAAAAAAAAAAAAAAAAAAMxX7HBIKwAAABqX5RVSdWJpbjE5ODB7UnViaTgwfS5wZGYAAAAAAAAAAAAAAAAAAAAAAAAAAAAAAAAAAAAAAAAAAAAAAAAAAAAAAAAAGpvTxrhEcQAAAAAAAAAAAAMAAwAACSAAAAAAAAAAAAAAAAAAAAAGUEFQRVJTABAACAAAzFgywAAAABEACAAAxriKwQAAAAEAEAAal+UAGWlLABR9QwAUfUIAAgBERmlzaGVyQm9vdEhEOlVzZXJzOgBqd2Jvd2VyczoARHJvcGJveDoAUEFQRVJTOgBSdWJpbjE5ODB7UnViaTgwfS5wZGYADgAsABUAUgB1AGIAaQBuADEAOQA4ADAAewBSAHUAYgBpADgAMAB9AC4AcABkAGYADwAaAAwARgBpAHMAaABlAHIAQgBvAG8AdABIAEQAEgAzVXNlcnMvandib3dlcnMvRHJvcGJveC9QQVBFUlMvUnViaW4xOTgwe1J1Ymk4MH0ucGRmAAATAAEvAAAVAAIAD///AACABdIcHR4fWCRjbGFzc2VzWiRjbGFzc25hbWWjHyAhXU5TTXV0YWJsZURhdGFWTlNEYXRhWE5TT2JqZWN0XxAtLi4vLi4vLi4vRHJvcGJveC9QQVBFUlMvUnViaW4xOTgwe1J1Ymk4MH0ucGRm0hwdJCWiJSFcTlNEaWN0aW9uYXJ5EgABhqBfEA9OU0tleWVkQXJjaGl2ZXIACAARABYAHwAoADIANQA6ADwARQBLAFIAXQBkAGwAbwBxAHMAdQB4AHoAfACGAJMAmACgAk4CUAJVAl4CaQJtAnsCggKLArsCwALDAtAC1QAAAAAAAAIBAAAAAAAAACgAAAAAAAAAAAAAAAAAAALn}
		  
}

@Book{		  cox:1958,
  author	= {Cox, David R.},
  city		= {New York},
  date-added	= {2007-09-03 22:45:16 -0500},
  date-modified	= {2010-07-13 12:55:52 -0500},
  publisher	= {John Wiley},
  title		= {The Planning of Experiments},
  year		= {1958}
}

@Book{		  fisher:1935,
  address	= {Edinburgh},
  author	= {Fisher, R.A.},
  date-added	= {2007-09-03 22:45:16 -0500},
  date-modified	= {2007-09-03 22:45:16 -0500},
  journal	= {Oliver \& Boyd Edinburgh, Scotland},
  publisher	= {Oliver and Boyd},
  title		= {{The design of experiments. 1935}},
  year		= {1935}
}

@Article{	  neyman:1923,
  author	= {Neyman, J.},
  date-added	= {2007-09-03 22:45:16 -0500},
  date-modified	= {2011-05-14 21:06:03 -0500},
  journal	= {Statistical Science},
  note		= {reprint. Transl. by Dabrowska and Speed},
  pages		= {463--480},
  title		= {On the application of probability theory to agricultural
		  experiments. Essay on principles. Section 9 (1923)},
  volume	= {5},
  year		= {1923 {[1990]}},
  bdsk-file-1	= {YnBsaXN0MDDUAQIDBAUIJidUJHRvcFgkb2JqZWN0c1gkdmVyc2lvblkkYXJjaGl2ZXLRBgdUcm9vdIABqAkKFRYXGyIjVSRudWxs0wsMDQ4RElpOUy5vYmplY3RzViRjbGFzc1dOUy5rZXlzog8QgASABoAHohMUgAKAA1lhbGlhc0RhdGFccmVsYXRpdmVQYXRo0hgMGRpXTlMuZGF0YU8RAb4AAAAAAb4AAgAADEZpc2hlckJvb3RIRAAAAAAAAAAAAAAAAAAAAMxX7HBIKwAAABqX5RpOZXltYW4xOTIze25leW1hbjE5MjN9LnBkZgAAAAAAAAAAAAAAAAAAAAAAAAAAAAAAAAAAAAAAAAAAAAAAAAABSyVjyurbsgAAAAAAAAAAAAMAAwAACSAAAAAAAAAAAAAAAAAAAAAGUEFQRVJTABAACAAAzFgywAAAABEACAAAyuswEgAAAAEAEAAal+UAGWlLABR9QwAUfUIAAgBJRmlzaGVyQm9vdEhEOlVzZXJzOgBqd2Jvd2VyczoARHJvcGJveDoAUEFQRVJTOgBOZXltYW4xOTIze25leW1hbjE5MjN9LnBkZgAADgA2ABoATgBlAHkAbQBhAG4AMQA5ADIAMwB7AG4AZQB5AG0AYQBuADEAOQAyADMAfQAuAHAAZABmAA8AGgAMAEYAaQBzAGgAZQByAEIAbwBvAHQASABEABIAOFVzZXJzL2p3Ym93ZXJzL0Ryb3Bib3gvUEFQRVJTL05leW1hbjE5MjN7bmV5bWFuMTkyM30ucGRmABMAAS8AABUAAgAP//8AAIAF0hwdHh9YJGNsYXNzZXNaJGNsYXNzbmFtZaMfICFdTlNNdXRhYmxlRGF0YVZOU0RhdGFYTlNPYmplY3RfEDIuLi8uLi8uLi9Ecm9wYm94L1BBUEVSUy9OZXltYW4xOTIze25leW1hbjE5MjN9LnBkZtIcHSQloiUhXE5TRGljdGlvbmFyeRIAAYagXxAPTlNLZXllZEFyY2hpdmVyAAgAEQAWAB8AKAAyADUAOgA8AEUASwBSAF0AZABsAG8AcQBzAHUAeAB6AHwAhgCTAJgAoAJiAmQCaQJyAn0CgQKPApYCnwLUAtkC3ALpAu4AAAAAAAACAQAAAAAAAAAoAAAAAAAAAAAAAAAAAAADAA==}
		  
}

@Unpublished{	  pana2006,
  author	= {Panagopoulos, Costas},
  date-added	= {2008-09-30 10:08:01 -0500},
  date-modified	= {2009-07-18 15:19:42 -0500},
  note		= {Paper presented at the MPSA 2006.},
  title		= {The Impact of Newspaper Advertising on Voter Turnout:
		  Evidence from a Field Experiment},
  year		= {2006}
}

@Article{	  rosenbaum2007ibu,
  author	= {Rosenbaum, P.R.},
  date-added	= {2007-09-03 22:45:16 -0500},
  date-modified	= {2007-09-03 22:45:16 -0500},
  journal	= {Journal of the American Statistical Association},
  number	= {477},
  pages		= {191--200},
  publisher	= {American Statistical Association},
  title		= {{Interference Between Units in Randomized Experiments}},
  volume	= {102},
  year		= {2007},
  bdsk-file-1	= {YnBsaXN0MDDUAQIDBAUIJidUJHRvcFgkb2JqZWN0c1gkdmVyc2lvblkkYXJjaGl2ZXLRBgdUcm9vdIABqAkKFRYXGyIjVSRudWxs0wsMDQ4RElpOUy5vYmplY3RzViRjbGFzc1dOUy5rZXlzog8QgASABoAHohMUgAKAA1lhbGlhc0RhdGFccmVsYXRpdmVQYXRo0hgMGRpXTlMuZGF0YU8RAd4AAAAAAd4AAgAADEZpc2hlckJvb3RIRAAAAAAAAAAAAAAAAAAAAMxX7HBIKwAAABqX5R9Sb3NlbmJhdW0yMDA3e3Jvc2VuYiMxQTlCQkQucGRmAAAAAAAAAAAAAAAAAAAAAAAAAAAAAAAAAAAAAAAAAAAAGpu9xBfaFgAAAAAAAAAAAAMAAwAACSAAAAAAAAAAAAAAAAAAAAAGUEFQRVJTABAACAAAzFgywAAAABEACAAAxBggZgAAAAEAEAAal+UAGWlLABR9QwAUfUIAAgBORmlzaGVyQm9vdEhEOlVzZXJzOgBqd2Jvd2VyczoARHJvcGJveDoAUEFQRVJTOgBSb3NlbmJhdW0yMDA3e3Jvc2VuYiMxQTlCQkQucGRmAA4ASAAjAFIAbwBzAGUAbgBiAGEAdQBtADIAMAAwADcAewByAG8AcwBlAG4AYgBhAHUAbQAyADAAMAA3AGkAYgB1AH0ALgBwAGQAZgAPABoADABGAGkAcwBoAGUAcgBCAG8AbwB0AEgARAASAEFVc2Vycy9qd2Jvd2Vycy9Ecm9wYm94L1BBUEVSUy9Sb3NlbmJhdW0yMDA3e3Jvc2VuYmF1bTIwMDdpYnV9LnBkZgAAEwABLwAAFQACAA///wAAgAXSHB0eH1gkY2xhc3Nlc1okY2xhc3NuYW1lox8gIV1OU011dGFibGVEYXRhVk5TRGF0YVhOU09iamVjdF8QOy4uLy4uLy4uL0Ryb3Bib3gvUEFQRVJTL1Jvc2VuYmF1bTIwMDd7cm9zZW5iYXVtMjAwN2lidX0ucGRm0hwdJCWiJSFcTlNEaWN0aW9uYXJ5EgABhqBfEA9OU0tleWVkQXJjaGl2ZXIACAARABYAHwAoADIANQA6ADwARQBLAFIAXQBkAGwAbwBxAHMAdQB4AHoAfACGAJMAmACgAoIChAKJApICnQKhAq8CtgK/Av0DAgMFAxIDFwAAAAAAAAIBAAAAAAAAACgAAAAAAAAAAAAAAAAAAAMp}
		  ,
  bdsk-file-2	= {YnBsaXN0MDDUAQIDBAUIJidUJHRvcFgkb2JqZWN0c1gkdmVyc2lvblkkYXJjaGl2ZXLRBgdUcm9vdIABqAkKFRYXGyIjVSRudWxs0wsMDQ4RElpOUy5vYmplY3RzViRjbGFzc1dOUy5rZXlzog8QgASABoAHohMUgAKAA1lhbGlhc0RhdGFccmVsYXRpdmVQYXRo0hgMGRpXTlMuZGF0YU8RAcAAAAAAAcAAAgAADEZpc2hlckJvb3RIRAAAAAAAAAAAAAAAAAAAAMxX7HBIKwAAABp4DRVyb3NlbmJhdW0yMDA3aWJ1MC5wZGYAAAAAAAAAAAAAAAAAAAAAAAAAAAAAAAAAAAAAAAAAAAAAAAAAAAAAAAAAGnlbyfWbZwAAAAAAAAAAAAMAAwAACSAAAAAAAAAAAAAAAAAAAAANRGVzdGlueVBhcGVycwAAEAAIAADMWDLAAAAAEQAIAADJ9eG3AAAAAQAQABp4DQAZaUsAFH1DABR9QgACAEtGaXNoZXJCb290SEQ6VXNlcnM6AGp3Ym93ZXJzOgBEcm9wYm94OgBEZXN0aW55UGFwZXJzOgByb3NlbmJhdW0yMDA3aWJ1MC5wZGYAAA4ALAAVAHIAbwBzAGUAbgBiAGEAdQBtADIAMAAwADcAaQBiAHUAMAAuAHAAZABmAA8AGgAMAEYAaQBzAGgAZQByAEIAbwBvAHQASABEABIAOlVzZXJzL2p3Ym93ZXJzL0Ryb3Bib3gvRGVzdGlueVBhcGVycy9yb3NlbmJhdW0yMDA3aWJ1MC5wZGYAEwABLwAAFQACAA///wAAgAXSHB0eH1gkY2xhc3Nlc1okY2xhc3NuYW1lox8gIV1OU011dGFibGVEYXRhVk5TRGF0YVhOU09iamVjdF8QNC4uLy4uLy4uL0Ryb3Bib3gvRGVzdGlueVBhcGVycy9yb3NlbmJhdW0yMDA3aWJ1MC5wZGbSHB0kJaIlIVxOU0RpY3Rpb25hcnkSAAGGoF8QD05TS2V5ZWRBcmNoaXZlcgAIABEAFgAfACgAMgA1ADoAPABFAEsAUgBdAGQAbABvAHEAcwB1AHgAegB8AIYAkwCYAKACZAJmAmsCdAJ/AoMCkQKYAqEC2ALdAuAC7QLyAAAAAAAAAgEAAAAAAAAAKAAAAAAAAAAAAAAAAAAAAwQ=}
		  
}

@Book{		  rosenbaum:2002,
  author	= {Rosenbaum, Paul R.},
  date-added	= {2007-09-03 22:45:16 -0500},
  date-modified	= {2010-10-05 13:11:46 -0500},
  edition	= {Second},
  publisher	= {Springer-Verlag},
  title		= {Observational Studies},
  year		= {2002}
}

@Article{	  rubi:2005,
  author	= {Rubin, Donald B.},
  citeulike-article-id={92833},
  date-added	= {2007-09-03 22:45:16 -0500},
  date-modified	= {2007-09-03 22:45:16 -0500},
  doi		= {10.1198/016214504000001880},
  issn		= {0162-1459},
  issue		= {469},
  journal	= {Journal of the American Statistical Association},
  keywords	= {methodology statistics},
  month		= {March},
  opturl	= {http://www-personal.umich.edu/~jwbowers/READINGS/rubin05.pdf}
		  ,
  pages		= {322--331},
  publisher	= {American Statistical Association},
  title		= {Causal Inference Using Potential Outcomes: Design,
		  Modeling, Decisions},
  volume	= {100},
  year		= {2005},
  bdsk-url-1	= {http://dx.doi.org/10.1198/016214504000001880}
}

@Article{	  rubin:1986,
  author	= {Rubin, D. B.},
  date-added	= {2007-09-03 22:45:16 -0500},
  date-modified	= {2011-09-10 15:13:53 +0000},
  journal	= {Journal of the American Statistical Association},
  pages		= {961--962},
  title		= {Which ifs have causal answers? comments on ``Statistics
		  and Causal Inference''},
  volume	= {81},
  year		= {1986},
  bdsk-file-1	= {YnBsaXN0MDDUAQIDBAUIJidUJHRvcFgkb2JqZWN0c1gkdmVyc2lvblkkYXJjaGl2ZXLRBgdUcm9vdIABqAkKFRYXGyIjVSRudWxs0wsMDQ4RElpOUy5vYmplY3RzViRjbGFzc1dOUy5rZXlzog8QgASABoAHohMUgAKAA1lhbGlhc0RhdGFccmVsYXRpdmVQYXRo0hgMGRpXTlMuZGF0YU8RAbYAAAAAAbYAAgAADEZpc2hlckJvb3RIRAAAAAAAAAAAAAAAAAAAAMxX7HBIKwAAABqX5RhSdWJpbjE5ODZ7cnViaW4xOTg2fS5wZGYAAAAAAAAAAAAAAAAAAAAAAAAAAAAAAAAAAAAAAAAAAAAAAAAAAAAAGpvUypDo8wAAAAAAAAAAAAMAAwAACSAAAAAAAAAAAAAAAAAAAAAGUEFQRVJTABAACAAAzFgywAAAABEACAAAypEvQwAAAAEAEAAal+UAGWlLABR9QwAUfUIAAgBHRmlzaGVyQm9vdEhEOlVzZXJzOgBqd2Jvd2VyczoARHJvcGJveDoAUEFQRVJTOgBSdWJpbjE5ODZ7cnViaW4xOTg2fS5wZGYAAA4AMgAYAFIAdQBiAGkAbgAxADkAOAA2AHsAcgB1AGIAaQBuADEAOQA4ADYAfQAuAHAAZABmAA8AGgAMAEYAaQBzAGgAZQByAEIAbwBvAHQASABEABIANlVzZXJzL2p3Ym93ZXJzL0Ryb3Bib3gvUEFQRVJTL1J1YmluMTk4NntydWJpbjE5ODZ9LnBkZgATAAEvAAAVAAIAD///AACABdIcHR4fWCRjbGFzc2VzWiRjbGFzc25hbWWjHyAhXU5TTXV0YWJsZURhdGFWTlNEYXRhWE5TT2JqZWN0XxAwLi4vLi4vLi4vRHJvcGJveC9QQVBFUlMvUnViaW4xOTg2e3J1YmluMTk4Nn0ucGRm0hwdJCWiJSFcTlNEaWN0aW9uYXJ5EgABhqBfEA9OU0tleWVkQXJjaGl2ZXIACAARABYAHwAoADIANQA6ADwARQBLAFIAXQBkAGwAbwBxAHMAdQB4AHoAfACGAJMAmACgAloCXAJhAmoCdQJ5AocCjgKXAsoCzwLSAt8C5AAAAAAAAAIBAAAAAAAAACgAAAAAAAAAAAAAAAAAAAL2}
		  
}


@Article{shalizi2011homophily,
  title={Homophily and contagion are generically confounded in observational social network studies},
  author={Shalizi, Cosma Rohilla and Thomas, Andrew C},
  journal={Sociological methods \& research},
  volume={40},
  number={2},
  pages={211--239},
  year={2011},
  publisher={Sage Publications}
}


@article{bowers2012reasoning,
  title={Reasoning about interference between units: A general framework},
  author={Bowers, Jake and Fredrickson, Mark M and Panagopoulos, Costas},
  journal={Political Analysis},
  pages={mps038},
  year={2012},
  publisher={SPM-PMSAPSA}
}


@article{coppock2014information,
  title={Information spillovers: Another look at experimental estimates of legislator responsiveness},
  author={Coppock, Alexander},
  journal={Journal of Experimental Political Science},
  volume={1},
  number={02},
  pages={159--169},
  year={2014},
  publisher={Cambridge Univ Press}
}


@article{butler2011can,
  title={Can learning constituency opinion affect how legislators vote? Results from a field experiment},
  author={Butler, Daniel M and Nickerson, David W and others},
  journal={Quarterly Journal of Political Science},
  volume={6},
  number={1},
  pages={55--83},
  year={2011},
  publisher={now publishers}
}


@article{bergan2009does,
  title={Does grassroots lobbying work? A field experiment measuring the effects of an e-mail lobbying campaign on legislative behavior},
  author={Bergan, Daniel E},
  journal={American Politics Research},
  volume={37},
  number={2},
  pages={327--352},
  year={2009},
  publisher={SAGE Publications}
}

@article{bergan2015call,
  title={Call Your Legislator: a field experimental study of the impact of a constituency mobilization campaign on legislative voting},
  author={Bergan, Daniel E and Cole, Richard T},
  journal={Political Behavior},
  volume={37},
  number={1},
  pages={27--42},
  year={2015},
  publisher={Springer}
}


@article{bowers2016models,
  title={Models, Methods and Network Topology: Experimental Design for the Study of Interference},
  author={Bowers, Jake and Desmarais, Bruce A and Frederickson, Mark and Ichino, Nahomi and Lee, Hsuan-Wei and Wang, Simi},
  journal={arXiv preprint arXiv:1601.00992},
  year={2016}
}

@article{butler2011politicians,
  title={Do politicians racially discriminate against constituents? A field experiment on state legislators},
  author={Butler, Daniel M and Broockman, David E},
  journal={American Journal of Political Science},
  volume={55},
  number={3},
  pages={463--477},
  year={2011},
  publisher={Wiley Online Library}
}

@article{butler2012field,
  title={A field experiment on legislators? home styles: Service versus policy},
  author={Butler, Daniel M and Karpowitz, Christopher F and Pope, Jeremy C},
  journal={The Journal of Politics},
  volume={74},
  number={02},
  pages={474--486},
  year={2012},
  publisher={Cambridge Univ Press}
}

@article{nickerson2008voting,
  title={Is voting contagious? Evidence from two field experiments},
  author={Nickerson, David W},
  journal={American Political Science Review},
  volume={102},
  number={01},
  pages={49--57},
  year={2008},
  publisher={Cambridge Univ Press}
}


@book{green2015get,
  title={Get out the vote},
  author={Green, Donald P and Gerber, Alan S},
  year={2015},
  publisher={Brookings Institution Press}
}


@article{green2016effects,
  title={The effects of lawn signs on vote outcomes: Results from four randomized field experiments},
  author={Green, Donald P and Krasno, Jonathan S and Coppock, Alexander and Farrer, Benjamin D and Lenoir, Brandon and Zingher, Joshua N},
  journal={Electoral Studies},
  volume={41},
  pages={143--150},
  year={2016},
  publisher={Elsevier}
}


@article{nickerson2006partisan,
  title={Partisan mobilization campaigns in the field: Results from a statewide turnout experiment in Michigan},
  author={Nickerson, David W and Friedrichs, Ryan D and King, David C},
  journal={Political Research Quarterly},
  volume={59},
  number={1},
  pages={85--97},
  year={2006},
  publisher={Sage Publications}
}


@article{rosenbaum2012interference,
  title={Interference between units in randomized experiments},
  author={Rosenbaum, Paul R},
  journal={Journal of the American Statistical Association},
  year={2012},
  publisher={Taylor \& Francis}
}


@article{bowers2016research,
  title={Research Note: A more powerful test statistic for reasoning about interference between units},
  author={Bowers, Jake and Fredrickson, Mark M and Aronow, Peter M},
  journal={Political Analysis},
  pages={mpw018},
  year={2016},
  publisher={SPM-PMSAPSA}
}

@article{coppock2016information,
  title={?Information Spillovers: Another Look at Experimental Estimates of Legislator Responsiveness??CORRIGENDUM},
  author={Coppock, Alexander},
  journal={Journal of Experimental Political Science},
  volume={3},
  number={2},
  pages={206--208},
  year={2016},
  publisher={Cambridge University Press}
}


