



@Article{shalizi2011homophily,
  title={Homophily and contagion are generically confounded in observational social network studies},
  author={Shalizi, Cosma Rohilla and Thomas, Andrew C},
  journal={Sociological methods \& research},
  volume={40},
  number={2},
  pages={211--239},
  year={2011},
  publisher={Sage Publications}
}


@article{bowers2012reasoning,
  title={Reasoning about interference between units: A general framework},
  author={Bowers, Jake and Fredrickson, Mark M and Panagopoulos, Costas},
  journal={Political Analysis},
  pages={mps038},
  year={2012},
  publisher={SPM-PMSAPSA}
}


@article{coppock2014information,
  title={Information spillovers: Another look at experimental estimates of legislator responsiveness},
  author={Coppock, Alexander},
  journal={Journal of Experimental Political Science},
  volume={1},
  number={02},
  pages={159--169},
  year={2014},
  publisher={Cambridge Univ Press}
}


@article{butler2011can,
  title={Can learning constituency opinion affect how legislators vote? Results from a field experiment},
  author={Butler, Daniel M and Nickerson, David W and others},
  journal={Quarterly Journal of Political Science},
  volume={6},
  number={1},
  pages={55--83},
  year={2011},
  publisher={now publishers}
}



